日期时间,代码,中文名称,英文名称,交易类型,最新价,涨跌额,涨跌幅,昨收,今开,最高,最低,成交量,成交额,买一,卖一
2026/02/03 16:08:24,00001,长和,CKH HOLDINGS,,64.0,2.5,4.06504,61.5,62.0,64.1,61.75,12132864,772265063,63.9,64.0
2026/02/03 16:08:24,00002,中电控股,CLP HOLDINGS,,74.45,0.8,1.08621,73.65,73.8,74.8,73.8,2960230,220083037,74.4,74.45
2026/02/03 16:08:24,00003,香港中华煤气,HK & CHINA GAS,,7.53,0.21,2.86886,7.32,7.41,7.54,7.4,38030922,285096317,7.52,7.53
2026/02/03 16:08:24,00004,九龙仓集团,WHARF HOLDINGS,,26.3,1.12,4.44797,25.18,25.18,26.3,25.18,1793225,46546982,26.16,26.3
2026/02/03 16:08:20,00005,汇丰控股,HSBC HOLDINGS,,138.89999,4.19999,3.11804,134.7,138.7,139.0,137.3,19499165,2692994674,138.89999,139.0
2026/02/03 16:08:20,00006,电能实业,POWER ASSETS,,61.75,1.1,1.81369,60.65,60.65,62.1,60.65,3964405,244566714,61.7,61.75
2026/02/03 16:08:24,00007,智富资源投资,WISDOM WEALTH,,0.032,0.0,1e-05,0.032,0.0,0.0,0.0,0,0,0.0,0.0
2026/02/03 16:08:24,00008,电讯盈科,PCCW,,6.0,0.12,2.04082,5.88,5.88,6.0,5.84,17324674,103452478,5.98,6.0
2026/02/03 16:08:24,00010,恒隆集团,HANG LUNG GROUP,,16.25,0.1,0.6192,16.15,16.28,16.37,16.0,486277,7863427,16.24,16.25
2026/02/03 16:08:24,00012,恒基地产,HENDERSON LAND,,31.8,0.9,2.91262,30.9,31.04,31.9,31.0,9559916,302707227,31.76,31.8
2026/02/03 16:08:24,00013,和黄医药,HUTCHMED,,22.88,0.3,1.32861,22.58,22.68,22.98,22.32,2839500,64472300,22.86,22.88
2026/02/03 16:08:24,00014,希慎兴业,HYSAN DEV,,21.8,0.62,2.92729,21.18,21.18,21.8,21.18,1501059,32508282,21.78,21.8
2026/02/03 16:08:20,00016,新鸿基地产,SHK PPT,,123.1,2.8,2.32751,120.3,120.8,123.2,120.5,5505474,673494885,123.0,123.1
2026/02/03 16:08:24,00017,新世界发展,NEW WORLD DEV,,10.25,0.23,2.29541,10.02,10.2,10.37,9.95,17245937,174946324,10.24,10.25
2026/02/03 16:08:24,00018,东方企控集团,ORIENTAL E H,,0.31,0.005,1.63935,0.305,0.305,0.305,0.3,44000,13400,0.31,0.315
2026/02/03 16:08:24,00019,太古股份公司Ａ,SWIRE PACIFIC A,,77.55,2.95,3.95443,74.6,74.8,77.6,74.8,1822298,140493706,77.4,77.55
2026/02/03 16:08:24,00020,商汤－Ｗ,SENSETIME-W,,2.41,0.03,1.26051,2.38,2.42,2.43,2.31,529031773,1257049096,2.4,2.41
2026/02/03 16:08:24,00021,大中华控股,GREAT CHI HLDGS,,0.088,0.0,0.0,0.088,0.0,0.0,0.0,0,0,0.081,0.088
2026/02/03 16:08:24,00022,茂盛控股,MEXAN,,0.188,-0.015,-7.38917,0.203,0.197,0.197,0.183,4960000,940040,0.184,0.19
2026/02/03 16:08:24,00023,东亚银行,BANK OF E ASIA,,14.7,0.08,0.54719,14.62,14.52,14.74,14.52,826347,12116772,14.67,14.7
2026/02/03 16:08:24,00025,CHEVALIER INT'L,CHEVALIER INT'L,,4.2,-0.03,-0.70922,4.23,4.17,4.2,4.17,5688,23694,4.19,4.45
2026/02/03 16:08:24,00026,中华汽车,CHINA MOTOR BUS,,58.85,0.25,0.42662,58.6,58.85,58.85,58.85,600,35310,58.85,59.3
2026/02/03 16:08:24,00027,银河娱乐,GALAXY ENT,,42.04,1.62,4.00792,40.42,40.98,42.12,40.96,16892796,704980051,42.0,42.04
2026/02/03 16:08:24,00028,天安,TIAN AN,,4.53,0.02,0.44346,4.51,4.5,4.62,4.5,47000,214600,4.53,4.61
2026/02/03 16:08:20,00029,达力集团,DYNAMIC HOLD,,12.0,0.12,1.0101,11.88,11.9,12.01,11.9,68000,812300,12.0,12.1
2026/02/03 16:08:24,00030,云白国际,YNBY INTL,,0.246,0.0,0.0,0.246,0.246,0.246,0.245,654000,160502,0.246,0.25
2026/02/03 16:08:24,00031,航天控股,CHINA AEROSPACE,,0.61,0.01,1.66667,0.6,0.6,0.62,0.59,8142000,4956880,0.61,0.62
2026/02/03 16:08:24,00032,港通控股,CROSS-HAR(HOLD),,8.1,-0.02,-0.2463,8.12,8.12,8.12,8.1,14000,113420,8.1,8.12
2026/02/03 16:08:24,00033,INTL GENIUS,INTL GENIUS,,0.4,0.0,0.0,0.4,0.0,0.0,0.0,0,0,0.0,0.0
2026/02/03 16:08:24,00034,九龙建业,KOWLOON DEV,,4.82,0.02,0.41667,4.8,4.82,4.83,4.81,31000,149360,4.82,4.86
2026/02/03 16:08:24,00035,远东发展,FE CONSORT INTL,,0.83,0.03,3.75,0.8,0.81,0.83,0.81,587792,483417,0.83,0.84
2026/02/03 16:08:24,00036,远东控股国际,FE HLDGS INTL,,0.275,0.0,0.0,0.275,0.0,0.0,0.0,0,0,0.0,0.0
2026/02/03 16:08:24,00037,远东酒店实业,FE HOTELS,,0.52,0.0,0.0,0.52,0.53,0.53,0.5,426000,217300,0.51,0.52
2026/02/03 16:08:20,00038,第一拖拉机股份,FIRST TRACTOR,,9.25,0.32,3.58343,8.93,8.71,9.29,8.71,2272000,20654640,9.25,9.26
2026/02/03 16:08:24,00039,中国北大荒,CH BEIDAHUANG,,0.086,0.007,8.86076,0.079,0.08,0.089,0.078,13408000,1111304,0.08,0.086
2026/02/03 16:08:24,00040,金山科技工业,GOLD PEAK,,0.75,0.0,0.0,0.75,0.0,0.0,0.0,0,0,0.71,0.75
2026/02/03 16:08:24,00041,鹰君,GREAT EAGLE H,,15.85,0.16,1.01976,15.69,15.8,16.1,15.74,626241,9943171,15.78,15.86
2026/02/03 16:08:24,00042,东北电气,NE ELECTRIC,,0.29,0.01,3.57143,0.28,0.28,0.29,0.275,422000,116470,0.275,0.29
2026/02/03 16:08:24,00045,大酒店,HK&S HOTELS,,6.58,0.26,4.11392,6.32,6.35,6.71,6.33,746908,4805591,6.58,6.6
2026/02/03 16:08:24,00046,科联系统,COMPUTER & TECH,,1.43,-0.02,-1.37931,1.45,1.46,1.46,1.43,36000,51600,1.42,1.43
2026/02/03 16:08:24,00048,中国汽车内饰,C AUTO INT DECO,,0.31,0.015,5.08475,0.295,0.285,0.315,0.28,13533600,4093928,0.3,0.31
2026/02/03 16:08:24,00050,香港小轮（集团）,HK FERRY (HOLD),,4.91,0.05,1.0288,4.86,4.9,4.91,4.87,86000,421440,4.91,4.92
2026/02/03 16:08:24,00051,海港企业,HARBOUR CENTRE,,4.79,0.19,4.13043,4.6,4.79,4.79,4.79,1000,4790,4.7,4.79
2026/02/03 16:08:24,00052,大快活集团,FAIRWOOD HOLD,,4.47,-0.02,-0.44544,4.49,4.48,4.52,4.46,32000,143960,4.47,4.54
2026/02/03 16:08:24,00053,国浩集团,GUOCO GROUP,,71.65,0.45,0.63203,71.2,71.2,72.2,71.2,20000,1430300,71.6,72.2
2026/02/03 16:08:24,00055,中星集团控股,NEWAY GROUP,,0.157,-0.005,-3.08642,0.162,0.159,0.162,0.157,270000,42700,0.157,0.158
2026/02/03 16:08:24,00057,震雄集团,CHEN HSONG HOLD,,1.69,0.04,2.42425,1.65,1.67,1.69,1.66,64000,107260,1.68,1.69
2026/02/03 16:08:24,00058,新威国际,SUNWAY INT'L,,0.2,0.0,0.0,0.2,0.0,0.0,0.0,0,0,0.188,0.0
2026/02/03 16:08:24,00059,天誉置业,SKYFAME REALTY,,0.01,0.0,0.0,0.01,0.0,0.0,0.0,0,0,0.0,0.0
2026/02/03 16:08:24,00060,香港食品投资,HK FOOD INV,,0.435,-0.045,-9.375,0.48,0.435,0.45,0.435,186000,81600,0.435,0.455
2026/02/03 16:08:24,00061,绿领控股,GREEN LEADER,,0.08,0.001,1.26582,0.079,0.078,0.08,0.078,170000,13380,0.076,0.08
2026/02/03 16:08:24,00062,载通,TRANSPORT INT'L,,10.32,0.04,0.3891,10.28,10.3,10.35,10.3,99600,1028500,10.32,10.33
2026/02/03 16:08:24,00063,中亚烯谷集团,CHI ASIA VALLEY,,0.057,-0.002,-3.38983,0.059,0.055,0.055,0.055,90000,4950,0.057,0.059
2026/02/03 16:08:24,00064,结好控股,GET NICE,,3.0,-0.02,-0.66225,3.02,3.02,3.02,3.0,106455,319202,3.0,3.03
2026/02/03 16:08:24,00065,弘海高新资源,GRAND OCEAN AR,,0.315,0.0,0.0,0.315,0.315,0.315,0.315,24160,7607,0.315,0.33
2026/02/03 16:08:24,00066,港铁公司,MTR CORPORATION,,35.84,1.04,2.98851,34.8,35.0,36.14,34.98,12140885,434487387,35.82,35.84
2026/02/03 16:08:24,00069,香格里拉（亚洲）,SHANGRI-LA ASIA,,4.82,0.03,0.62631,4.79,4.8,4.84,4.76,242000,1164940,4.82,4.85
2026/02/03 16:08:24,00070,金粤控股,RICH GOLDMAN,,0.06,0.01,20.0,0.05,0.057,0.062,0.053,580000,33740,0.058,0.06
2026/02/03 16:08:24,00071,美丽华酒店,MIRAMAR HOTEL,,10.79,0.04,0.37209,10.75,10.76,10.78,10.72,55000,591080,10.79,10.88
2026/02/03 16:08:24,00072,超媒体控股,META MEDIA,,0.22,-0.004,-1.78572,0.224,0.22,0.24,0.22,104000,22960,0.205,0.24
2026/02/03 16:08:24,00073,亚洲果业,ASIAN CITRUS,,1.72,0.0,0.0,1.72,1.52,1.52,1.52,1559,2347,1.72,1.9
2026/02/03 16:08:24,00075,渝太地产,Y.T. REALTY,,0.141,0.0,0.0,0.141,0.0,0.0,0.0,0,0,0.141,0.0
2026/02/03 16:08:24,00076,谊砾控股,ELATE HOLDINGS,,0.166,0.0,0.0,0.166,0.166,0.17,0.166,128200,21323,0.164,0.166
2026/02/03 16:08:24,00077,进智公共交通,AMS TRANSPORT,,0.455,0.0,0.0,0.455,0.0,0.0,0.0,0,0,0.425,0.46
2026/02/03 16:08:24,00078,REGAL INT'L,REGAL INT'L,,0.54,0.01,1.8868,0.53,0.52,0.54,0.52,206122,108821,0.53,0.54
2026/02/03 16:08:24,00079,世纪建业,CENTURY LEGEND,,0.095,-0.011,-10.37736,0.106,0.095,0.095,0.095,4000,380,0.094,0.106
2026/02/03 16:08:24,00080,ＣＡＩ控股,CAI CORP,,0.315,0.005,1.6129,0.31,0.315,0.315,0.305,1000000,309500,0.305,0.315
2026/02/03 16:08:20,00081,中国海外宏洋集团,CH OVS G OCEANS,,2.5,0.1,4.16667,2.4,2.41,2.53,2.41,11985000,29785361,2.49,2.5
2026/02/03 16:08:24,00082,疯狂体育,CRAZY SPORTS,,0.091,0.001,1.11111,0.09,0.089,0.092,0.089,450600,40168,0.09,0.091
2026/02/03 16:08:20,00083,信和置业,SINO LAND,,11.71,0.37,3.26279,11.34,11.37,11.72,11.37,10419853,121127311,11.62,11.71
2026/02/03 16:08:24,00084,宝光实业,STELUX HOLDINGS,,0.07,0.0,0.0,0.07,0.0,0.0,0.0,0,0,0.065,0.07
2026/02/03 16:08:20,00085,中电华大科技,CE HUADA TECH,,1.32,0.0,0.0,1.32,1.34,1.34,1.3,2164000,2855200,1.32,1.34
2026/02/03 16:08:24,00086,新鸿基公司,SUN HUNG KAI CO,,4.27,0.08,1.90931,4.19,4.27,4.28,4.18,531007,2249978,4.23,4.27
2026/02/03 16:08:24,00087,太古股份公司Ｂ,SWIRE PACIFIC B,,13.15,0.45,3.5433,12.7,12.84,13.15,12.84,1072302,13934795,13.12,13.18
2026/02/03 16:08:24,00088,TAI CHEUNG HOLD,TAI CHEUNG HOLD,,3.75,-0.03,-0.79365,3.78,3.75,3.75,3.71,66000,246220,3.72,3.75
2026/02/03 16:08:24,00089,大生地产,TAI SANG LAND,,2.3,0.0,0.0,2.3,2.3,2.3,2.3,5000,11500,2.3,2.4
2026/02/03 16:08:24,00090,普星能量,PUXING ENERGY,,1.14,0.03,2.7027,1.11,1.11,1.14,1.11,6000,6720,1.11,1.14
2026/02/03 16:08:24,00092,冠军科技集团,CHAMPION TECH,,0.217,0.005,2.35849,0.212,0.202,0.222,0.202,301250,63239,0.209,0.219
2026/02/03 16:08:24,00093,零在科技金融,ZERO FINTECH,,0.42,0.0,0.0,0.42,0.0,0.0,0.0,0,0,0.405,0.44
2026/02/03 16:08:24,00094,绿心集团,GREENHEART GP,,0.091,0.003,3.40909,0.088,0.09,0.095,0.09,1766600,161155,0.088,0.092
2026/02/03 16:08:24,00095,绿景中国地产,LVGEM CHINA,,0.275,-0.005,-1.78571,0.28,0.28,0.32,0.265,17300000,5041040,0.27,0.275
2026/02/03 16:08:24,00096,YUSEI,YUSEI,,0.57,0.01,1.78571,0.56,0.57,0.57,0.57,40000,22800,0.56,0.61
2026/02/03 16:08:24,00097,恒基发展,HENDERSON INV,,0.174,0.004,2.35294,0.17,0.17,0.174,0.17,308990,53400,0.174,0.175
2026/02/03 16:08:24,00098,兴发铝业,XINGFA ALUM,,7.53,0.02,0.26631,7.51,7.51,7.53,7.31,10000,74140,7.35,7.55
2026/02/03 16:08:24,00099,王氏国际,WONG'S INT'L,,1.4,0.0,0.0,1.4,0.0,0.0,0.0,0,0,1.25,1.4
2026/02/03 16:08:24,00100,MINIMAX-WP,MINIMAX-WP,,581.0,57.5,10.98376,523.5,525.0,599.5,524.0,1833956,1051438853,581.0,581.5
2026/02/03 16:08:24,00101,恒隆地产,HANG LUNG PPT,,9.33,0.09,0.97403,9.24,9.45,9.53,9.23,13660649,127478900,9.32,9.33
2026/02/03 16:08:24,00103,首佳科技,SHOUGANG CENT,,2.99,0.03,1.01351,2.96,2.99,3.0,2.92,48000,141950,2.92,2.99
2026/02/03 16:08:24,00104,ASIA COMM HOLD,ASIA COMM HOLD,,0.227,0.0,0.0,0.227,0.0,0.0,0.0,0,0,0.221,0.228
2026/02/03 16:08:24,00105,凯联国际酒店,ASSO INT HOTELS,,5.21,0.0,0.0,5.21,5.2,5.21,5.2,14000,72920,5.2,5.5
2026/02/03 16:08:24,00106,朗诗绿色管理,LANDSEA MGMT,,0.019,0.0,0.0,0.019,0.0,0.0,0.0,0,0,0.0,0.0
2026/02/03 16:08:20,00107,四川成渝高速公路,SICHUAN EXPRESS,,5.57,0.09,1.64234,5.48,5.32,5.59,5.32,2298000,12660170,5.53,5.57
2026/02/03 16:08:24,00108,国锐生活,GR LIFE STYLE,,2.59,0.03,1.17187,2.56,2.58,2.63,2.51,1886000,4860400,2.52,2.59
2026/02/03 16:08:24,00110,中国长远,CHINA FORTUNE,,0.224,0.0,0.0,0.224,0.0,0.0,0.0,0,0,0.0,0.224
2026/02/03 16:08:24,00111,信达国际控股,CINDA INTL HLDG,,1.08,0.03,2.85715,1.05,1.05,1.09,1.02,3886000,4107580,1.06,1.08
2026/02/03 16:08:24,00113,迪生创建,DICKSON CONCEPT,,5.65,0.04,0.71301,5.61,5.66,5.66,5.64,16500,93180,5.65,5.68
2026/02/03 16:08:24,00114,HERALD HOLD,HERALD HOLD,,0.63,0.0,0.0,0.63,0.63,0.63,0.63,100000,63000,0.62,0.63
2026/02/03 16:08:24,00115,钧濠集团,GRAND FIELD GP,,7.0,0.0,0.0,7.0,0.0,0.0,0.0,0,0,0.0,7.0
2026/02/03 16:08:24,00116,周生生,CHOW SANG SANG,,13.95,0.09,0.64935,13.86,14.12,14.21,13.61,1511125,20915815,13.89,13.95
2026/02/03 16:08:24,00117,天利控股集团,TIANLI HOLDINGS,,0.325,0.005,1.5625,0.32,0.325,0.325,0.325,4000,1300,0.255,0.33
2026/02/03 16:08:24,00118,大同机械,COSMOS MACH,,0.187,0.0,0.0,0.187,0.0,0.0,0.0,0,0,0.183,0.198
2026/02/03 16:08:24,00119,保利置业集团,POLY PROPERTY,,2.32,0.09,4.03587,2.23,2.25,2.32,2.18,27564000,62466802,2.31,2.32
2026/02/03 16:08:24,00120,COSMOPOL INT'L,COSMOPOL INT'L,,0.092,-0.003,-3.1579,0.095,0.092,0.098,0.092,369600,34801,0.092,0.096
2026/02/03 16:08:24,00122,鳄鱼恤,CROCODILE,,1.45,0.0,0.0,1.45,0.0,0.0,0.0,0,0,1.41,1.5
2026/02/03 16:08:24,00123,越秀地产,YUEXIU PROPERTY,,4.49,0.07,1.58371,4.42,4.42,4.55,4.35,13140664,58623407,4.49,4.51
2026/02/03 16:08:24,00124,粤海置地,GD LAND,,0.232,0.007,3.11111,0.225,0.232,0.235,0.228,3708846,856650,0.232,0.234
2026/02/03 16:08:24,00125,新兴光学,SUN HING VISION,,0.36,0.005,1.40846,0.355,0.36,0.36,0.36,8000,2880,0.355,0.41
2026/02/03 16:08:24,00126,佳宁娜,CARRIANNA,,0.132,-0.002,-1.49254,0.134,0.132,0.132,0.132,2000,264,0.117,0.132
2026/02/03 16:08:24,00127,华人置业,CHINESE EST H,,1.26,0.01,0.8,1.25,1.25,1.26,1.22,162000,200335,1.24,1.26
2026/02/03 16:08:24,00128,安宁控股,ENM HOLDINGS,,0.37,0.0,0.0,0.37,0.375,0.375,0.37,248000,92980,0.375,0.38
2026/02/03 16:08:24,00129,泛海集团,ASIA STANDARD,,0.221,-0.008,-3.49345,0.229,0.225,0.225,0.219,242067,53424,0.219,0.221
2026/02/03 16:08:24,00130,慕诗国际,MOISELLE INT'L,,0.176,0.0,0.0,0.176,0.0,0.0,0.0,0,0,0.16,0.196
2026/02/03 16:08:24,00131,卓能（集团）,CHEUK NANG HOLD,,1.16,-0.02,-1.69492,1.18,1.16,1.16,1.16,80000,92800,1.14,1.18
2026/02/03 16:08:24,00132,兴业控股,HING YIP HLDGS,,0.212,0.013,6.53266,0.199,0.212,0.212,0.212,1000,212,0.19,0.212
2026/02/03 16:08:20,00133,招商局中国基金,CHINA MERCHANTS,,14.63,-0.02,-0.13652,14.65,14.66,14.7,14.6,136000,1990760,14.63,14.7
2026/02/03 16:08:24,00135,昆仑能源,KUNLUN ENERGY,,7.99,0.08,1.01138,7.91,7.81,8.04,7.81,21662676,172776762,7.98,7.99
2026/02/03 16:08:24,00136,中国儒意,CHINA RUYI,,2.12,0.02,0.95238,2.1,2.1,2.14,2.1,41573777,87926412,2.11,2.12
2026/02/03 16:08:24,00137,金辉集团,JINHUI HOLDINGS,,0.69,-0.01,-1.42857,0.7,0.69,0.69,0.69,44000,30360,0.69,0.7
2026/02/03 16:08:24,00138,中建富通,CCT FORTIS,,0.065,0.0,0.0,0.065,0.0,0.0,0.0,0,0,0.065,0.07
2026/02/03 16:08:24,00139,小鱼盈通,SMART FISH,,0.175,0.004,2.33918,0.171,0.175,0.18,0.171,7140000,1252250,0.173,0.176
2026/02/03 16:08:24,00142,第一太平,FIRST PACIFIC,,6.17,0.15,2.4917,6.02,6.02,6.21,6.02,3353375,20640167,6.17,6.18
2026/02/03 16:08:24,00144,招商局港口,CHINA MER PORT,,15.81,0.15,0.95786,15.66,15.8,15.99,15.68,2622257,41499973,15.78,15.82
2026/02/03 16:08:24,00145,信能低碳,CCIAM FUTURE EN,,0.224,-0.004,-1.75438,0.228,0.218,0.224,0.217,424120,92912,0.221,0.228
2026/02/03 16:08:24,00146,TAI PING CARPET,TAI PING CARPET,,1.9,0.04,2.15054,1.86,1.85,1.85,1.85,341000,630850,1.9,1.94
2026/02/03 16:08:24,00147,国际商业结算,IB SETTLEMENT,,0.166,-0.004,-2.35295,0.17,0.17,0.17,0.165,21315000,3557595,0.166,0.169
2026/02/03 16:08:20,00148,建滔集团,KINGBOARD HLDG,,31.66,1.0,3.26158,30.66,30.88,31.66,30.7,2189700,68601915,31.56,31.66
2026/02/03 16:08:24,00149,中国农产品交易,CH AGRI-PROD EX,,0.07,0.001,1.44928,0.069,0.069,0.07,0.06,3545997,230296,0.066,0.07
2026/02/03 16:08:24,00150,HYPEBEAST,HYPEBEAST,,0.164,0.001,0.6135,0.163,0.164,0.164,0.164,36400,5969,0.162,0.174
2026/02/03 16:08:24,00151,中国旺旺,WANT WANT CHINA,,4.78,0.03,0.63158,4.75,4.74,4.83,4.74,5362468,25618577,4.77,4.78
2026/02/03 16:08:24,00152,深圳国际,SHENZHEN INT'L,,9.03,0.02,0.22197,9.01,9.01,9.14,8.96,3760355,33908431,9.02,9.03
2026/02/03 16:08:24,00154,北京控股环境集团,BE ENVIRONMENT,,0.53,0.0,-1e-05,0.53,0.0,0.0,0.0,0,0,0.53,0.54
2026/02/03 16:08:24,00156,力宝华润,LIPPO CHINA RES,,0.91,0.01,1.11111,0.9,0.87,0.91,0.86,28610,25417,0.88,0.91
2026/02/03 16:08:24,00157,自然美,NATURAL BEAUTY,,0.47,0.0,0.0,0.47,0.0,0.0,0.0,0,0,0.4,0.5
2026/02/03 16:08:24,00158,万邦投资,MELBOURNE ENT,,62.1,0.0,0.0,62.1,0.0,0.0,0.0,0,0,0.0,63.2
2026/02/03 16:08:24,00159,布莱克万矿业,BROCKMAN MINING,,0.09,0.004,4.65117,0.086,0.086,0.09,0.086,52000,4632,0.086,0.09
2026/02/03 16:08:24,00160,汉国置业,HON KWOK LAND,,0.96,0.0,0.0,0.96,0.0,0.0,0.0,0,0,0.95,1.0
2026/02/03 16:08:24,00162,世纪金花,CENTURY GINWA,,0.035,0.0,0.0,0.035,0.0,0.0,0.0,0,0,0.034,0.035
2026/02/03 16:08:24,00163,英皇国际,EMPEROR INT'L,,0.202,0.002,1.0,0.2,0.201,0.205,0.198,280000,55790,0.199,0.202
2026/02/03 16:08:24,00164,中国宝力科技,CHINA BAOLI TEC,,0.39,0.005,1.2987,0.385,0.39,0.4,0.39,150300,59136,0.39,0.4
2026/02/03 16:08:24,00165,中国光大控股,CHINA EB LTD,,9.77,0.25,2.62606,9.52,9.6,9.92,9.56,5578400,54095168,9.72,9.77
2026/02/03 16:08:24,00166,新时代集团控股,NEW TIMES CORP,,0.043,-0.002,-4.44444,0.045,0.043,0.044,0.042,5357500,229713,0.042,0.043
2026/02/03 16:08:24,00167,IDT INT'L,IDT INT'L,,2.45,0.2,8.88889,2.25,2.25,2.49,2.25,414000,992340,2.32,2.45
2026/02/03 16:08:20,00168,青岛啤酒股份,TSINGTAO BREW,,50.55,0.35,0.69721,50.2,50.65,51.1,50.0,5955548,300774157,50.5,50.55
2026/02/03 16:08:24,00169,万达酒店发展,WANDA HOTEL DEV,,0.095,0.0,0.0,0.095,0.093,0.095,0.093,298000,27914,0.093,0.097
2026/02/03 16:08:24,00171,银建国际,SILVER GRANT,,0.085,0.0,0.0,0.085,0.083,0.083,0.083,100000,8300,0.084,0.087
2026/02/03 16:08:20,00173,嘉华国际,K. WAH INT'L,,2.55,-0.03,-1.16279,2.58,2.59,2.64,2.55,1925139,4962585,2.55,2.57
2026/02/03 16:08:24,00174,盛洋投资,GEMINI INV,,0.215,0.0,0.0,0.215,0.0,0.0,0.0,0,0,0.2,0.238
2026/02/03 16:08:24,00175,吉利汽车,GEELY AUTO,,15.83,-0.02,-0.12618,15.85,16.01,16.1,15.53,46381183,730845433,15.82,15.83
2026/02/03 16:08:24,00176,先机企业集团,SUPERACTIVE GP,,0.013,0.0,0.0,0.013,0.0,0.0,0.0,0,0,0.0,0.0
2026/02/03 16:08:24,00177,江苏宁沪高速公路,JIANGSU EXPRESS,,10.46,0.09,0.86789,10.37,10.32,10.58,10.3,5648449,58751497,10.45,10.46
2026/02/03 16:08:24,00178,莎莎国际,SA SA INT'L,,0.6,0.01,1.69492,0.59,0.59,0.6,0.59,720000,426500,0.59,0.6
2026/02/03 16:08:24,00179,德昌电机控股,JOHNSON ELEC H,,26.68,0.68,2.61539,26.0,26.2,26.86,26.12,5342187,141830230,26.58,26.68
2026/02/03 16:08:24,00180,开达集团,KADER HOLDINGS,,0.216,-0.001,-0.46083,0.217,0.0,0.0,0.0,0,0,0.195,0.216
2026/02/03 16:08:24,00181,闽港控股,FUJIAN HOLDINGS,,0.118,0.0,0.0,0.118,0.0,0.0,0.0,4000,372,0.096,0.124
2026/02/03 16:08:24,00182,协合新能源,CONCORD NE,,0.315,-0.005,-1.5625,0.32,0.32,0.32,0.315,4920000,1567800,0.315,0.32
2026/02/03 16:08:24,00183,宏辉集团,WINFULL GP,,0.178,0.0,0.0,0.178,0.0,0.0,0.0,0,0,0.17,0.199
2026/02/03 16:08:24,00184,激成投资,KECK SENG INV,,2.3,0.0,0.0,2.3,2.3,2.3,2.3,2000,4600,2.29,2.45
1970/01/01 16:08:24,00185,正商实业,ZENSUN ENT,,0.13,0.0,0.0,0.13,0.0,0.0,0.0,0,0,0.119,0.154
2026/02/03 16:08:24,00186,敏捷控股,NIMBLE HOLDINGS,,0.158,0.0,1e-05,0.158,0.158,0.158,0.158,30000,4740,0.0,0.158
2026/02/03 16:08:24,00187,京城机电股份,JINGCHENG MAC,,4.12,0.15,3.77834,3.97,4.06,4.16,4.04,3662000,15011780,4.12,4.13
2026/02/03 16:08:24,00188,新华汇富金融,SUNWAH KINGSWAY,,0.243,0.0,0.0,0.243,0.243,0.243,0.243,44000,10612,0.243,0.25
2026/02/03 16:08:24,00189,东岳集团,DONGYUE GROUP,,12.21,0.48,4.09207,11.73,11.99,12.21,11.74,9965829,119201669,12.2,12.21
2026/02/03 16:08:24,00191,丽新国际,LAI SUN INT'L,,0.68,0.0,0.0,0.68,0.0,0.0,0.0,0,0,0.64,0.68
2026/02/03 16:08:24,00193,冠中地产,CAPITAL ESTATE,,0.22,0.0,0.0,0.22,0.209,0.22,0.208,102500,21517,0.213,0.22
2026/02/03 16:08:24,00194,廖创兴企业,LIU CHONG HING,,4.4,0.0,0.0,4.4,0.0,0.0,0.0,0,0,4.4,4.45
2026/02/03 16:08:24,00195,绿科科技国际,GREENTECH INTL,,0.28,0.0,0.0,0.28,0.0,0.0,0.0,0,0,0.0,0.0
2026/02/03 16:08:24,00196,宏华集团,HONGHUA GROUP,,0.196,0.001,0.51282,0.195,0.198,0.198,0.191,918000,177955,0.195,0.198
2026/02/03 16:08:24,00197,亨泰,HENG TAI,,0.31,0.04,14.81482,0.27,0.275,0.325,0.275,210661,63703,0.29,0.31
2026/02/03 16:08:24,00199,德祥地产,ITC PROPERTIES,,1.12,0.03,2.75229,1.09,1.15,1.15,1.06,1560000,1687280,1.07,1.12
2026/02/03 16:08:20,00200,新濠国际发展,MELCO INT'L DEV,,4.52,0.25,5.8548,4.27,4.27,4.57,4.27,13353200,59724392,4.51,4.52
2026/02/03 16:08:24,00201,华大酒店,MAGNIFICENT,,0.07,0.0,0.0,0.07,0.07,0.07,0.07,10000,700,0.069,0.07
2026/02/03 16:08:24,00202,润中国际控股,EVERCHINA INT'L,,0.1,-0.001,-0.9901,0.101,0.0,0.0,0.0,200000,20200,0.09,0.1
2026/02/03 16:08:24,00204,资本界金控,CAPITAL REALM,,0.211,-0.001,-0.4717,0.212,0.201,0.214,0.198,1400000,284885,0.209,0.211
2026/02/03 16:08:24,00205,BFB HEALTH,BFB HEALTH,,0.89,-0.01,-1.11111,0.9,0.91,0.91,0.89,70000,63200,0.89,0.9
2026/02/03 16:08:24,00206,华商能源,CM-ENERGY,,0.5,0.0,0.0,0.5,0.52,0.55,0.485,5221000,2660005,0.5,0.51
2026/02/03 16:08:24,00209,瀛晟科学,WINSHINE SCI,,0.23,0.0,0.0,0.23,0.24,0.242,0.209,11230010,2529752,0.225,0.23
2026/02/03 16:08:24,00210,达芙妮国际,DAPHNE INT'L,,0.395,-0.005,-1.25,0.4,0.4,0.405,0.395,714000,283980,0.395,0.405
2026/02/03 16:08:24,00211,STYLAND HOLD,STYLAND HOLD,,0.244,0.0,0.0,0.244,0.0,0.0,0.0,0,0,0.238,0.28
2026/02/03 16:08:24,00212,NANYANG HOLD,NANYANG HOLD,,29.8,0.0,0.0,29.8,0.0,0.0,0.0,0,0,28.8,30.38
2026/02/03 16:08:24,00213,NATIONAL ELEC H,NATIONAL ELEC H,,0.38,0.0,0.0,0.38,0.4,0.4,0.4,4000,1600,0.37,0.38
2026/02/03 16:08:24,00214,汇汉控股,ASIA ORIENT,,0.27,0.0,0.0,0.27,0.25,0.275,0.243,24000,6140,0.25,0.27
2026/02/03 16:08:24,00215,和记电讯香港,HUTCHTEL HK,,1.15,0.01,0.87719,1.14,1.15,1.16,1.14,2569391,2951869,1.14,1.15
2026/02/03 16:08:24,00216,建业实业,CHINNEY INV,,0.58,0.0,0.0,0.58,0.0,0.0,0.0,0,0,0.58,0.62
2026/02/03 16:08:24,00217,中国诚通发展集团,CHINA CHENGTONG,,0.122,0.001,0.82645,0.121,0.117,0.122,0.115,7608000,887930,0.121,0.122
2026/02/03 16:08:24,00218,申万宏源香港,SWHYHK,,1.27,-0.06,-4.51128,1.33,1.33,1.35,1.27,3148760,4086925,1.27,1.31
2026/02/03 16:08:24,00219,顺豪物业,SHUNHO PROPERTY,,0.71,0.0,0.0,0.71,0.0,0.0,0.0,0,0,0.69,0.75
2026/02/03 16:08:24,00220,统一企业中国,U-PRESID CHINA,,7.56,-0.21,-2.7027,7.77,7.75,7.8,7.56,8285428,62966584,7.56,7.57
2026/02/03 16:08:24,00222,闽信集团,MIN XIN HOLD,,3.26,-0.06,-1.80723,3.32,3.29,3.29,3.27,340000,1115200,3.23,3.26
2026/02/03 16:08:24,00223,易生活控股,ELIFE HLDGS,,0.123,0.004,3.36135,0.119,0.122,0.123,0.122,783000,95799,0.119,0.123
2026/02/03 16:08:24,00224,建生国际,PIONEER GLOBAL,,0.57,0.0,0.0,0.57,0.0,0.0,0.0,0,0,0.52,0.57
2026/02/03 16:08:24,00225,博富临置业,POKFULAM,,5.95,0.0,0.0,5.95,0.0,0.0,0.0,0,0,5.93,5.95
2026/02/03 16:08:24,00227,第一上海,FIRST SHANGHAI,,0.26,0.0,0.0,0.26,0.26,0.275,0.26,520000,136240,0.26,0.265
2026/02/03 16:08:24,00228,中能控股,CHINA ENERGY,,1.77,0.2,12.73885,1.57,1.59,1.78,1.59,2573150,4359846,1.73,1.77
2026/02/03 16:08:24,00229,利民实业,RAYMOND IND,,0.92,0.0,0.0,0.92,0.92,0.92,0.92,5000,4600,0.92,0.95
2026/02/03 16:08:24,00230,五矿地产,MINMETALS LAND,,0.98,0.0,0.0,0.98,0.98,0.98,0.98,4450000,4361000,0.98,0.99
2026/02/03 16:08:24,00232,大陆航空科技控股,CON AERO TECH,,0.172,0.01,6.17284,0.162,0.161,0.172,0.161,27476000,4628642,0.17,0.172
2026/02/03 16:08:24,00234,新世纪集团,NEW CENTURY GP,,0.034,0.0,1e-05,0.034,0.034,0.034,0.034,972600,32992,0.034,0.037
2026/02/03 16:08:24,00235,中策资本控股,CSC HOLDINGS,,0.03,0.001,3.44827,0.029,0.029,0.03,0.029,8415000,245350,0.029,0.03
2026/02/03 16:08:24,00236,香港生力啤,SAN MIGUEL HK,,1.2,0.0,0.0,1.2,0.0,0.0,0.0,210,237,1.17,1.2
2026/02/03 16:08:24,00237,安全货仓,SAFETY GODOWN,,2.01,-0.03,-1.47059,2.04,2.02,2.02,2.01,10000,20160,2.0,2.08
2026/02/03 16:08:24,00239,白花油,PAK FAH YEOW,,2.35,-0.09,-3.68853,2.44,2.36,2.36,2.35,15000,35375,2.35,2.5
2026/02/03 16:08:24,00240,利基控股,BUILD KING HOLD,,1.4,0.0,0.0,1.4,1.39,1.41,1.39,228000,317600,1.39,1.42
2026/02/03 16:08:24,00241,阿里健康,ALI HEALTH,,6.29,0.04,0.64,6.25,6.26,6.35,6.05,104513257,651547134,6.29,6.3
2026/02/03 16:08:24,00242,信德集团,SHUN TAK HOLD,,0.66,0.01,1.53847,0.65,0.65,0.66,0.65,1034000,679360,0.66,0.67
2026/02/03 16:08:24,00243,QPL INT'L,QPL INT'L,,0.425,0.055,14.86487,0.37,0.41,0.44,0.4,1811249,781964,0.425,0.435
2026/02/03 16:08:24,00244,先施,SINCERE,,0.41,0.0,0.0,0.41,0.41,0.41,0.41,3000,1230,0.41,0.43
2026/02/03 16:08:24,00245,中薇金融,CHINA VERED FIN,,1.08,0.02,1.8868,1.06,1.06,1.1,1.05,195150,208851,1.06,1.08
2026/02/03 16:08:24,00247,TST PROPERTIES,TST PROPERTIES,,20.5,0.0,0.0,20.5,0.0,0.0,0.0,0,0,20.0,20.8
2026/02/03 16:08:24,00248,香港通讯国际控股,HKC INT'L HOLD,,0.037,0.0,0.0,0.037,0.036,0.037,0.036,33002,1186,0.036,0.037
2026/02/03 16:08:24,00251,爪哇控股,SEA HOLDINGS,,1.36,0.0,0.0,1.36,0.0,0.0,0.0,0,0,1.35,1.41
2026/02/03 16:08:24,00252,华信地产财务,SE ASIA PPT,,1.6,0.0,0.0,1.6,0.0,0.0,0.0,0,0,0.0,0.0
2026/02/03 16:08:24,00253,顺豪控股,SHUNHO HOLDINGS,,0.63,0.0,0.0,0.63,0.0,0.0,0.0,0,0,0.63,0.65
2026/02/03 16:08:24,00254,国家联合资源,NUR HOLDINGS,,0.56,-0.06,-9.67742,0.62,0.62,0.62,0.56,101050,58195,0.415,0.7
2026/02/03 16:08:24,00255,龙记集团,LUNG KEE,,1.45,-0.01,-0.68493,1.46,1.46,1.46,1.45,82000,119020,1.43,1.45
2026/02/03 16:08:24,00256,冠城钟表珠宝,CITYCHAMP,,0.162,0.001,0.62112,0.161,0.167,0.167,0.158,2676000,434484,0.162,0.164
2026/02/03 16:08:24,00257,光大环境,EB ENVIRONMENT,,4.98,0.0,0.0,4.98,4.93,5.01,4.93,5153740,25606497,4.98,4.99
2026/02/03 16:08:24,00258,汤臣集团,TOMSON GROUP,,2.67,0.07,2.69231,2.6,2.59,2.69,2.59,840000,2241100,2.63,2.67
2026/02/03 16:08:24,00259,亿都（国际控股）,YEEBO (INT'L H),,3.58,-0.01,-0.27855,3.59,3.59,3.63,3.56,176000,633080,3.57,3.62
2026/02/03 16:08:24,00261,ＧＢＡ集团,GBA HOLDINGS,,0.3,0.0,0.0,0.3,0.3,0.315,0.3,241080,72510,0.26,0.31
2026/02/03 16:08:24,00262,迪臣发展国际,DESON DEV INT'L,,0.083,0.001,1.21951,0.082,0.082,0.082,0.082,220000,18040,0.082,0.085
2026/02/03 16:08:24,00264,中联发展控股,CN INT DEV CORP,,2.12,0.03,1.4354,2.09,2.14,2.17,2.08,1156000,2449480,2.1,2.12
2026/02/03 16:08:24,00265,港誉智慧城市服务,GANGYU SERVICES,,1.7,0.0,0.0,1.7,1.7,1.7,1.7,12000,20400,1.5,1.8
2026/02/03 16:08:24,00266,天德地产,TIAN TECK LAND,,2.05,0.0,0.0,2.05,0.0,0.0,0.0,0,0,2.05,2.16
2026/02/03 16:08:20,00267,中信股份,CITIC,,12.22,0.02,0.16394,12.2,12.3,12.4,12.16,13528657,165714438,12.21,12.22
2026/02/03 16:08:24,00268,金蝶国际,KINGDEE INT'L,,12.66,0.13,1.03751,12.53,12.6,12.77,12.13,39735758,498926480,12.65,12.66
2026/02/03 16:08:24,00269,中国资源交通,CRTG,,0.01,0.0,0.0,0.01,0.01,0.01,0.01,3005000,30050,0.01,0.01
2026/02/03 16:08:24,00270,粤海投资,GUANGDONG INV,,7.46,0.06,0.81081,7.4,7.4,7.53,7.38,10423556,77494396,7.45,7.46
2026/02/03 16:08:24,00271,亚证地产,ASIASEC PPT,,0.175,-0.003,-1.6854,0.178,0.171,0.175,0.17,492350,83790,0.17,0.175
2026/02/03 16:08:24,00272,瑞安房地产,SHUI ON LAND,,0.68,0.0,0.0,0.68,0.68,0.68,0.66,10412216,6984564,0.67,0.68
2026/02/03 16:08:24,00274,复兴亚洲,RA SILK ROAD,,0.49,0.0,0.0,0.49,0.0,0.0,0.0,0,0,0.0,0.0
2026/02/03 16:08:24,00276,蒙古能源,MONGOLIA ENERGY,,0.73,-0.01,-1.35135,0.74,0.71,0.74,0.71,33525,23986,0.69,0.73
2026/02/03 16:08:24,00277,太兴置业,TERN PROPERTIES,,1.4,0.0,0.0,1.4,0.0,0.0,0.0,0,0,0.0,0.0
2026/02/03 16:08:24,00279,裕承科金,ARTA TECHFIN,,0.6,-0.04,-6.25,0.64,0.61,0.62,0.59,174100,104879,0.6,0.61
2026/02/03 16:08:24,00280,景福集团,KING FOOK HOLD,,0.52,0.0,0.0,0.52,0.52,0.52,0.52,128000,66560,0.52,0.53
2026/02/03 16:08:20,00285,比亚迪电子,BYD ELECTRONIC,,32.68,0.26,0.80198,32.42,32.68,32.8,31.82,8382163,272267192,32.66,32.68
2026/02/03 16:08:24,00286,爱帝宫,AIDIGONG,,1.31,0.0,0.0,1.31,0.0,0.0,0.0,0,0,0.0,0.0
2026/02/03 16:08:24,00287,永发置业,WINFAIR INV,,4.08,0.0,0.0,4.08,0.0,0.0,0.0,0,0,4.07,0.0
2026/02/03 16:08:24,00288,万洲国际,WH GROUP,,9.41,0.26,2.84153,9.15,9.21,9.43,9.21,35278149,330959240,9.38,9.41
2026/02/03 16:08:24,00289,WING ON CO,WING ON CO,,14.0,0.17,1.22921,13.83,13.99,14.0,13.99,5000,69980,13.82,14.0
2026/02/03 16:08:20,00290,国富量子,GOFINTECH QUANT,,2.92,-0.05,-1.6835,2.97,2.97,2.98,2.92,5186000,15350500,2.92,2.96
2026/02/03 16:08:20,00291,华润啤酒,CHINA RES BEER,,26.96,0.52,1.96671,26.44,26.62,27.14,26.62,16225617,437079682,26.94,26.96
2026/02/03 16:08:24,00293,国泰航空,CATHAY PAC AIR,,12.4,0.21,1.72272,12.19,12.18,12.42,12.18,5393984,66570405,12.39,12.4
2026/02/03 16:08:24,00294,长江制衣,YANGTZEKIANG,,0.83,0.0,0.0,0.83,0.0,0.0,0.0,0,0,0.81,0.83
2026/02/03 16:08:24,00295,江山控股,KONG SUN HOLD,,0.017,-0.002,-10.52631,0.019,0.017,0.017,0.017,2675000,45475,0.016,0.017
2026/02/03 16:08:24,00296,英皇娱乐酒店,EMPEROR E HOTEL,,0.24,0.0,0.0,0.24,0.0,0.0,0.0,0,0,0.236,0.25
2026/02/03 16:08:24,00297,中化化肥,SINOFERT,,1.66,0.01,0.60606,1.65,1.67,1.68,1.64,24690000,40936580,1.65,1.66
2026/02/03 16:08:24,00298,庄士中国,CHUANG'S CHINA,,0.117,0.003,2.63158,0.114,0.117,0.117,0.117,340000,39750,0.112,0.122
2026/02/03 16:08:24,00299,宝新置地,GLORY SUN LAND,,0.106,0.0,0.0,0.106,0.0,0.0,0.0,0,0,0.0,0.0
2026/02/03 16:08:24,00300,美的集团,MIDEA GROUP,,87.05,1.3,1.51604,85.75,85.75,87.6,85.5,4322672,375820559,86.95,87.05
2026/02/03 16:08:24,00301,三和精化,SANVO CHEMICALS,,1.31,0.02,1.55038,1.29,1.31,1.31,1.31,10000,13100,1.26,1.32
2026/02/03 16:08:24,00302,中手游,CMGE,,0.365,0.005,1.38889,0.36,0.365,0.365,0.355,1898000,684920,0.36,0.365
2026/02/03 16:08:24,00303,VTECH HOLDINGS,VTECH HOLDINGS,,61.55,-0.3,-0.48505,61.85,61.45,62.2,60.8,998758,61642253,61.5,61.55
2026/02/03 16:08:24,00305,五菱汽车,WULING MOTORS,,0.51,0.0,0.0,0.51,0.51,0.51,0.49,1820000,907700,0.5,0.51
2026/02/03 16:08:24,00306,冠忠巴士集团,KWOON CHUNG BUS,,2.85,0.04,1.42348,2.81,2.78,2.85,2.78,64000,181640,2.8,2.85
2026/02/03 16:08:24,00308,香港中旅,CHINA TRAVEL HK,,1.33,0.01,0.75758,1.32,1.32,1.34,1.31,7576280,10064502,1.32,1.33
2026/02/03 16:08:24,00309,新华通讯频媒,XH NEWS MEDIA,,0.037,-0.001,-2.63158,0.038,0.039,0.039,0.037,551000,21187,0.037,0.038
2026/02/03 16:08:24,00310,嘉进投资国际,PROSP INV HOLD,,0.156,0.0,0.0,0.156,0.0,0.0,0.0,0,0,0.136,0.0
2026/02/03 16:08:24,00311,联泰控股,LUEN THAI,,0.22,0.02,10.0,0.2,0.2,0.22,0.2,25000,5100,0.201,0.22
2026/02/03 16:08:24,00312,岁宝百货,SHIRBLE STORE,,0.084,0.007,9.09091,0.077,0.077,0.085,0.077,10000,798,0.073,0.084
2026/02/03 16:08:24,00313,裕田中国,RICHLY FIELD,,0.087,0.003,3.57143,0.084,0.087,0.087,0.087,25000,2175,0.078,0.087
2026/02/03 16:08:24,00314,思派健康,SIPAI HEALTH,,2.63,-0.06,-2.23048,2.69,2.7,2.76,2.6,2665400,7223406,2.63,2.64
2026/02/03 16:08:24,00315,数码通电讯,SMARTONE TELE,,4.9,0.05,1.03093,4.85,4.82,4.96,4.82,547500,2687655,4.88,4.9
2026/02/03 16:08:24,00316,东方海外国际,OOIL,,129.5,1.7,1.3302,127.8,128.8,130.2,128.6,869587,112641693,129.3,129.5
2026/02/03 16:08:24,00317,中船防务,COMEC,,14.46,0.38,2.69886,14.08,14.0,14.58,13.92,6526000,93176420,14.44,14.46
2026/02/03 16:08:24,00318,黄河实业,VONGROUP,,0.62,0.0,0.0,0.62,0.0,0.0,0.0,0,0,0.56,0.63
2026/02/03 16:08:24,00320,金宝通,COMPUTIME,,0.48,-0.005,-1.03093,0.485,0.48,0.48,0.47,120000,57120,0.48,0.49
2026/02/03 16:08:24,00321,德永佳集团,TEXWINCA HOLD,,1.32,0.03,2.32559,1.29,1.33,1.33,1.28,1914000,2506460,1.31,1.32
2026/02/03 16:08:24,00322,康师傅控股,TINGYI,,12.05,0.07,0.58431,11.98,11.9,12.19,11.9,6965674,83943977,12.04,12.05
2026/02/03 16:08:20,00323,马鞍山钢铁股份,MAANSHAN IRON,,2.64,0.13,5.17929,2.51,2.54,2.66,2.54,15544000,40532200,2.64,2.65
2026/02/03 16:08:24,00325,布鲁可,BLOKS,,71.15,-1.35,-1.86207,72.5,74.0,73.8,70.25,524862,37510759,71.15,71.4
2026/02/03 16:08:20,00326,中国星集团,CHINA STAR ENT,,4.55,0.01,0.22027,4.54,4.53,4.6,4.44,10622003,47817463,4.54,4.58
2026/02/03 16:08:24,00327,百富环球,PAX GLOBAL,,4.8,0.0,0.0,4.8,4.8,4.91,4.78,6254373,30122487,4.79,4.8
2026/02/03 16:08:24,00328,ALCO HOLDINGS,ALCO HOLDINGS,,1.02,0.14,15.90909,0.88,0.82,1.17,0.82,7398100,7570502,1.0,1.02
2026/02/03 16:08:24,00329,东建国际,OCI INTL,,0.325,-0.005,-1.51516,0.33,0.34,0.345,0.325,616000,204840,0.325,0.345
2026/02/03 16:08:24,00331,丰盛生活服务,FSE LIFESTYLE,,5.72,0.02,0.35087,5.7,5.72,5.72,5.7,66000,376930,5.7,5.72
2026/02/03 16:08:24,00332,元亨燃气,YUANHENG GAS,,0.017,0.0,1e-05,0.017,0.017,0.017,0.017,1932000,32844,0.016,0.017
2026/02/03 16:08:24,00333,黛丽斯国际,TOP FORM INT'L,,0.25,0.0,0.0,0.25,0.24,0.25,0.24,4000,980,0.24,0.27
2026/02/03 16:08:24,00334,华显光电,CH DISPLAY OPT,,0.41,0.02,5.1282,0.39,0.395,0.41,0.395,1328000,539920,0.405,0.41
2026/02/03 16:08:24,00335,美建集团,UPBEST GROUP,,0.67,0.0,0.0,0.67,0.66,0.67,0.66,30000,19900,0.65,0.67
2026/02/03 16:08:20,00336,华宝国际,HUABAO INTL,,4.7,0.1,2.17391,4.6,4.7,4.82,4.59,7480000,35107771,4.69,4.7
2026/02/03 16:08:24,00337,绿地香港,GREENLAND HK,,0.225,0.007,3.21101,0.218,0.218,0.235,0.218,2273410,520733,0.221,0.23
2026/02/03 16:08:24,00338,上海石油化工股份,SHANGHAI PECHEM,,1.59,0.08,5.29802,1.51,1.52,1.59,1.52,20928000,32605570,1.58,1.59
2026/02/03 16:08:24,00339,中国科创产业投资,CN SCI-TECH IND,,0.47,-0.02,-4.08163,0.49,0.5,0.5,0.445,500000,231000,0.455,0.475
2026/02/03 16:08:24,00340,潼关黄金,TONGGUAN GOLD,,3.29,0.19,6.12903,3.1,3.18,3.33,3.17,15047000,48951474,3.28,3.29
2026/02/03 16:08:24,00341,大家乐集团,CAFE DE CORAL H,,4.74,0.06,1.28205,4.68,4.7,4.77,4.69,934099,4424849,4.73,4.76
2026/02/03 16:08:24,00343,文化传信,CULTURECOM HOLD,,0.173,-0.003,-1.70455,0.176,0.173,0.18,0.172,935000,163705,0.173,0.181
2026/02/03 16:08:24,00345,VITASOY INT'L,VITASOY INT'L,,7.17,0.17,2.42857,7.0,7.0,7.19,6.98,1694000,11998620,7.16,7.17
2026/02/03 16:08:24,00346,延长石油国际,YANCHANG PETRO,,0.385,-0.005,-1.28205,0.39,0.385,0.385,0.385,50000,19250,0.385,0.395
2026/02/03 16:08:20,00347,鞍钢股份,ANGANG STEEL,,2.01,0.14,7.48663,1.87,1.89,2.04,1.87,18251600,35983460,2.01,2.02
2026/02/03 16:08:24,00348,中国智能健康,CHINAHEALTHWISE,,0.134,0.0,0.0,0.134,0.134,0.134,0.134,80000,10720,0.125,0.146
2026/02/03 16:08:24,00351,亚洲能源物流,ASIA ENERGY LOG,,0.29,-0.01,-3.33334,0.3,0.29,0.29,0.29,93600,26843,0.29,0.3
2026/02/03 16:08:24,00352,富阳,FORTUNE SUN,,0.36,0.0,0.0,0.36,0.0,0.0,0.0,0,0,0.0,0.0
2026/02/03 16:08:24,00353,能源国际投资,ENERGY INTINV,,0.32,-0.005,-1.53846,0.325,0.32,0.32,0.32,93250,29827,0.32,0.335
2026/02/03 16:08:20,00354,中国软件国际,CHINASOFT INT'L,,4.91,0.02,0.409,4.89,4.9,4.94,4.8,14034200,68438869,4.91,4.92
2026/02/03 16:08:24,00355,世纪城市国际,CENTURY C INT'L,,0.082,-0.006,-6.81818,0.088,0.086,0.088,0.076,9973138,817825,0.082,0.084
2026/02/03 16:08:24,00356,鼎立资本,DT CAPITAL,,0.064,0.0,1e-05,0.064,0.0,0.0,0.0,0,0,0.061,0.064
2026/02/03 16:08:24,00357,美兰空港,MEILAN AIRPORT,,9.99,0.23,2.35656,9.76,9.76,10.06,9.75,924534,9166781,9.95,9.99
2026/02/03 16:08:20,00358,江西铜业股份,JIANGXI COPPER,,45.3,1.94,4.47417,43.36,44.98,45.94,43.0,26987617,1207788027,45.28,45.32
2026/02/03 16:08:24,00360,新焦点,NEW FOCUS AUTO,,0.041,0.0,0.0,0.041,0.04,0.041,0.04,4840000,193608,0.04,0.041
2026/02/03 16:08:24,00361,顺龙控股,SINO GOLF HOLD,,0.065,0.0,0.0,0.065,0.065,0.067,0.063,3140000,200000,0.064,0.065
2026/02/03 16:08:24,00362,中国天化工,C ZENITH CHEM,,0.015,0.0,0.0,0.015,0.0,0.0,0.0,0,0,0.0,0.0
2026/02/03 16:08:24,00363,上海实业控股,SHANGHAI IND H,,15.11,0.16,1.07023,14.95,15.0,15.25,14.77,837450,12576815,15.06,15.11
2026/02/03 16:08:24,00365,芯成科技,SINO ICT,,0.29,0.0,0.0,0.29,0.29,0.29,0.275,908000,250250,0.28,0.29
2026/02/03 16:08:24,00366,陆氏集团（越南）,LUKS GROUP (VN),,0.91,0.0,0.0,0.91,0.0,0.0,0.0,0,0,0.88,0.91
2026/02/03 16:08:24,00367,庄士机构国际,CHUANG'S INT'L,,0.33,0.01,3.125,0.32,0.325,0.33,0.325,164000,53880,0.315,0.33
2026/02/03 16:08:24,00368,德合集团,SUPERLAND GROUP,,0.435,0.0,0.0,0.435,0.435,0.435,0.435,112000,48720,0.435,0.46
2026/02/03 16:08:24,00369,永泰地产,WING TAI PPT,,1.96,0.01,0.51282,1.95,1.96,1.96,1.96,6000,11760,1.93,2.0
2026/02/03 16:08:24,00370,港仔机器人,HK ROBOTICS,,0.78,-0.11,-12.35955,0.89,0.89,0.9,0.78,9564000,7946040,0.78,0.79
2026/02/03 16:08:20,00371,北控水务集团,BJ ENT WATER,,2.82,0.05,1.80505,2.77,2.77,2.84,2.72,44340562,124105422,2.82,2.83
2026/02/03 16:08:24,00372,保德国际发展,PT INTL DEV,,0.3,-0.02,-6.25,0.32,0.32,0.32,0.29,120000,36300,0.28,0.37
2026/02/03 16:08:24,00373,联合集团,ALLIED GROUP,,2.91,0.12,4.30108,2.79,2.81,2.91,2.81,554000,1594640,2.89,2.91
2026/02/03 16:08:24,00374,四洲集团,FOUR SEAS MER,,2.71,0.0,0.0,2.71,0.0,0.0,0.0,0,0,2.71,2.8
2026/02/03 16:08:24,00375,YGM TRADING,YGM TRADING,,0.92,0.0,0.0,0.92,0.0,0.0,0.0,0,0,0.92,0.93
2026/02/03 16:08:24,00376,云锋金融,YUNFENG FIN,,3.14,0.05,1.61813,3.09,3.12,3.2,3.07,5778200,18141626,3.13,3.14
2026/02/03 16:08:24,00377,中国华君,CHINA HUAJUN GP,,0.92,0.0,0.0,0.92,0.0,0.0,0.0,0,0,0.51,0.0
2026/02/03 16:08:24,00379,恒嘉融资租赁,EG LEASING,,0.062,-0.001,-1.5873,0.063,0.059,0.062,0.059,480000,29460,0.062,0.063
2026/02/03 16:08:24,00380,中国管业,CHINA PIPE,,0.142,0.001,0.70922,0.141,0.143,0.143,0.139,112000,15760,0.142,0.143
2026/02/03 16:08:24,00381,权识国际,AOM INT'L,,0.185,-0.011,-5.61224,0.196,0.209,0.209,0.18,6900000,1282257,0.183,0.186
2026/02/03 16:08:24,00382,中汇集团,EDVANTAGE GROUP,,1.49,0.01,0.67568,1.48,1.48,1.51,1.47,2296000,3429520,1.48,1.49
2026/02/03 16:08:24,00383,天安卓健,TIANAN MEDICARE,,0.93,0.0,0.0,0.93,0.0,0.0,0.0,0,0,0.87,1.05
2026/02/03 16:08:24,00384,中国燃气,CHINA GAS HOLD,,7.65,0.03,0.3937,7.62,7.66,7.73,7.6,8900406,68098488,7.64,7.65
2026/02/03 16:08:24,00385,建联集团,CHINNEY ALLI,,0.47,0.005,1.07527,0.465,0.47,0.47,0.47,2000,940,0.465,0.53
2026/02/03 16:08:24,00386,中国石油化工股份,SINOPEC CORP,,5.32,0.07,1.33334,5.25,5.27,5.34,5.21,143450406,759224458,5.32,5.33
2026/02/03 16:08:24,00387,力丰（集团）,LEEPORT(HOLD),,0.74,-0.01,-1.33333,0.75,0.0,0.0,0.0,0,0,0.71,0.74
2026/02/03 16:08:24,00388,香港交易所,HKEX,,422.0,-2.2,-0.51862,424.2,424.2,425.2,415.0,5866482,2469511423,421.79999,422.0
2026/02/03 16:08:24,00389,通天酒业,TONTINE WINES,,0.43,0.0,0.0,0.43,0.0,0.0,0.0,0,0,0.0,0.0
2026/02/03 16:08:24,00390,中国中铁,CHINA RAILWAY,,4.4,0.11,2.56411,4.29,4.4,4.45,4.3,29746761,130129278,4.39,4.4
2026/02/03 16:08:24,00391,美亚娱乐资讯,MEI AH ENTER,,0.1,0.002,2.04082,0.098,0.1,0.1,0.1,140000,14000,0.099,0.1
2026/02/03 16:08:24,00392,北京控股,BEIJING ENT,,35.08,0.04,0.11416,35.04,35.58,35.58,34.8,868719,30527837,35.06,35.08
2026/02/03 16:08:24,00393,旭日企业,GLORIOUS SUN,,1.35,0.02,1.50376,1.33,1.33,1.35,1.33,68000,90920,1.33,1.35
2026/02/03 16:08:24,00396,兴利（香港）控股,HING LEE (HK),,0.11,0.0,0.0,0.11,0.0,0.0,0.0,0,0,0.103,0.11
2026/02/03 16:08:24,00397,嬴集团,MINERVA GROUP,,0.044,0.0,0.0,0.044,0.043,0.044,0.043,74275,3222,0.043,0.044
2026/02/03 16:08:24,00398,东方表行集团,ORIENTAL WATCH,,3.4,0.03,0.89021,3.37,3.37,3.4,3.36,1836000,6179958,3.37,3.4
2026/02/03 16:08:24,00399,星太链集团,STARCOIN GROUP,,0.063,-0.002,-3.07692,0.065,0.065,0.065,0.061,9067501,565935,0.061,0.063
2026/02/03 16:08:24,00400,硬蛋创新,INGDAN,,4.05,0.06,1.50376,3.99,3.96,4.1,3.96,3507000,14147440,4.04,4.05
2026/02/03 16:08:24,00401,万嘉集团,WANJIA GROUP,,0.125,-0.005,-3.84615,0.13,0.125,0.125,0.125,40013,5001,0.113,0.13
2026/02/03 16:08:24,00403,星光集团,STARLITE HOLD,,0.15,0.0,0.0,0.15,0.0,0.0,0.0,0,0,0.15,0.172
2026/02/03 16:08:24,00406,有利集团,YAU LEE HOLD,,0.77,0.0,0.0,0.77,0.0,0.0,0.0,0,0,0.69,0.78
2026/02/03 16:08:24,00408,叶氏化工集团,YIP'S CHEMICAL,,1.91,0.0,0.0,1.91,1.89,1.91,1.88,34000,64080,1.88,1.91
2026/02/03 16:08:24,00410,ＳＯＨＯ中国,SOHO CHINA,,0.54,0.01,1.8868,0.53,0.53,0.54,0.52,1726500,919635,0.53,0.54
2026/02/03 16:08:24,00411,南顺（香港）,LAM SOON (HK),,12.9,0.0,0.0,12.9,0.0,0.0,0.0,0,0,12.5,12.9
2026/02/03 16:08:20,00412,山高控股,SDHG,,1.56,0.05,3.31125,1.51,1.52,1.57,1.49,5813000,8838970,1.56,1.57
2026/02/03 16:08:24,00413,南华集团控股,SC HOLDINGS,,0.034,0.0,1e-05,0.034,0.035,0.035,0.033,1280000,44088,0.033,0.034
2026/02/03 16:08:24,00417,谢瑞麟,TSE SUI LUEN,,0.98,0.01,1.03093,0.97,1.01,1.01,1.0,16000,16020,0.97,0.99
2026/02/03 16:08:24,00418,方正控股,FOUNDER HOLD,,0.77,0.0,0.0,0.77,0.77,0.77,0.76,80000,60840,0.76,0.77
2026/02/03 16:08:24,00419,弘毅文化集团,HONY MEDIA,,0.35,0.0,0.0,0.35,0.35,0.35,0.335,196000,67270,0.345,0.355
2026/02/03 16:08:24,00420,福田实业,FOUNTAIN SET,,0.67,-0.02,-2.89855,0.69,0.69,0.69,0.66,634000,427000,0.66,0.68
2026/02/03 16:08:24,00422,越南制造加工出口,VMEP HOLDINGS,,0.275,0.005,1.85185,0.27,0.265,0.28,0.265,101000,26780,0.26,0.28
2026/02/03 16:08:24,00423,经济日报集团,HKET HOLDINGS,,0.8,0.0,0.0,0.8,0.79,0.8,0.79,56000,44720,0.79,0.8
2026/02/03 16:08:24,00425,敏实集团,MINTH GROUP,,36.54,0.74,2.06704,35.8,36.78,37.78,35.16,6810253,246779395,36.38,36.54
2026/02/03 16:08:24,00426,万华媒体,ONE MEDIA GROUP,,0.085,0.004,4.93827,0.081,0.081,0.085,0.08,386000,31874,0.078,0.086
2026/02/03 16:08:24,00428,中国天弓控股,COCOON HOLDINGS,,0.245,0.003,1.23967,0.242,0.238,0.238,0.238,98000,23306,0.245,0.246
2026/02/03 16:08:24,00430,东方兴业控股,ORIENTAL EXPL,,0.415,0.0,0.0,0.415,0.0,0.0,0.0,0,0,0.395,0.415
2026/02/03 16:08:24,00431,大中华金融,G CHINA FIN,,0.01,0.0,0.0,0.01,0.0,0.0,0.0,0,0,0.0,0.0
2026/02/03 16:08:24,00432,盈大地产,PCPD,,0.199,-0.002,-0.99502,0.201,0.196,0.2,0.195,672348,132582,0.197,0.199
2026/02/03 16:08:24,00433,北方矿业,NORTH MINING,,0.075,0.002,2.73973,0.073,0.076,0.08,0.07,8020000,576870,0.071,0.075
2026/02/03 16:08:20,00434,博雅互动,BOYAA,,3.11,0.04,1.30293,3.07,3.19,3.19,3.02,3232354,9927724,3.08,3.11
2026/02/03 16:08:24,00436,新宇环保,NU ENVIRO,,0.067,0.001,1.51515,0.066,0.067,0.067,0.067,80000,5360,0.062,0.078
2026/02/03 16:08:24,00438,彩虹新能源,IRICO NEWENERGY,,2.18,-0.02,-0.90909,2.2,2.21,2.21,2.07,13800,30028,2.08,2.19
2026/02/03 16:08:24,00439,瀚源控股,GENESIS SCALE,,1.01,0.05,5.20833,0.96,1.0,1.01,0.94,177000,175200,0.98,1.01
2026/02/03 16:08:20,00440,大新金融,DAH SING,,36.92,0.46,1.26165,36.46,36.78,37.42,36.72,142400,5259848,36.9,36.92
2026/02/03 16:08:24,00442,域能控股,DOMAINE POWER,,0.87,0.0,0.0,0.87,0.87,0.87,0.87,89000,77400,0.84,0.87
2026/02/03 16:08:24,00444,SINCEREWATCH HK,SINCEREWATCH HK,,0.01,0.0,0.0,0.01,0.0,0.0,0.0,0,0,0.0,0.0
2026/02/03 16:08:24,00450,鸿兴印刷集团,HUNG HING PRINT,,0.93,0.0,0.0,0.93,0.0,0.0,0.0,0,0,0.92,0.94
2026/02/03 16:08:24,00451,协鑫新能源,GCL NEWENERGY,,1.33,0.01,0.75758,1.32,1.3,1.35,1.3,3322985,4390753,1.33,1.34
2026/02/03 16:08:24,00455,天大药业,TIANDA PHARMA,,0.101,0.0,0.0,0.101,0.0,0.0,0.0,0,0,0.097,0.114
2026/02/03 16:08:24,00456,新城市建设发展,NEW CITY DEV,,0.465,-0.005,-1.06383,0.47,0.465,0.465,0.465,22000,10230,0.4,0.47
2026/02/03 16:08:24,00458,联亚集团,TRISTATE HOLD,,1.79,0.0,0.0,1.79,1.79,1.79,1.79,136000,243440,0.8,1.79
2026/02/03 16:08:24,00459,鋑联控股,LEGEND UPSTAR,,0.118,0.001,0.8547,0.117,0.117,0.118,0.112,389000,45234,0.116,0.118
2026/02/03 16:08:20,00460,四环医药,SIHUAN PHARM,,1.57,0.02,1.29033,1.55,1.55,1.58,1.51,19888000,30758484,1.56,1.57
2026/02/03 16:08:24,00464,中国智能科技,CHINA IN-TECH,,1.35,0.01,0.74627,1.34,1.34,1.37,1.27,2856000,3798560,1.3,1.35
2026/02/03 16:08:24,00465,富通科技,FUTONG TECH,,0.7,0.02,2.94118,0.68,0.68,0.72,0.68,30000,20600,0.62,0.7
2026/02/03 16:08:24,00467,联合能源集团,UNITEDENERGY GP,,0.57,0.0,0.0,0.57,0.57,0.59,0.56,71300000,40928372,0.57,0.58
2026/02/03 16:08:24,00468,纷美包装,GAPACK,,2.28,0.0,0.0,2.28,0.0,0.0,0.0,0,0,0.0,0.0
2026/02/03 16:08:24,00471,中播数据,SILKWAVE INC,,0.6,-0.03,-4.7619,0.63,0.62,0.62,0.6,476883,289949,0.6,0.63
2026/02/03 16:08:24,00472,新丝路文旅,NEW SILKROAD,,0.325,-0.01,-2.98508,0.335,0.335,0.335,0.3,1590000,511350,0.325,0.335
2026/02/03 16:08:24,00474,信铭生命科技,ACESO LIFE SCI,,0.118,-0.002,-1.66667,0.12,0.12,0.126,0.118,5562000,660816,0.118,0.12
2026/02/03 16:08:24,00475,中发展控股,CENTRAL DEV H,,0.48,0.01,2.12766,0.47,0.485,0.485,0.47,596000,280860,0.42,0.48
2026/02/03 16:08:24,00476,科轩动力控股,EV DYNAMICS,,0.78,0.01,1.2987,0.77,0.77,0.78,0.77,81200,62800,0.78,0.81
2026/02/03 16:08:24,00480,香港兴业国际,HKR INT'L,,1.19,0.01,0.84746,1.18,1.16,1.21,1.16,347200,413056,1.18,1.2
2026/02/03 16:08:24,00482,圣马丁国际,SANDMARTIN INTL,,0.076,0.0,0.0,0.076,0.0,0.0,0.0,0,0,0.072,0.076
2026/02/03 16:08:24,00483,包浩斯国际,BAUHAUS INT'L,,0.285,0.0,0.0,0.285,0.0,0.0,0.0,0,0,0.285,0.33
2026/02/03 16:08:24,00484,云游控股,FORGAME,,0.85,-0.04,-4.49438,0.89,0.85,0.85,0.85,66000,56100,0.85,0.87
2026/02/03 16:08:24,00485,中国华星,CHINASINOSTAR,,0.43,0.0,0.0,0.43,0.0,0.0,0.0,0,0,0.395,0.0
2026/02/03 16:08:24,00486,俄铝,RUSAL,,5.46,0.1,1.86567,5.36,5.55,5.61,5.35,1692880,9295942,5.46,5.47
2026/02/03 16:08:24,00487,实德环球,SUCCESSUNIVERSE,,0.055,0.0,0.0,0.055,0.055,0.06,0.052,684000,37992,0.055,0.06
2026/02/03 16:08:24,00488,丽新发展,LAI SUN DEV,,0.62,-0.04,-6.06061,0.66,0.62,0.65,0.61,35898,22109,0.62,0.64
2026/02/03 16:08:24,00489,东风集团股份,DONGFENG GROUP,,8.92,-0.14,-1.54525,9.06,9.03,9.07,8.88,8938174,80078526,8.91,8.92
2026/02/03 16:08:24,00491,英皇文化产业,EMPEROR CULTURE,,0.034,0.001,3.03031,0.033,0.033,0.035,0.033,1040000,35340,0.034,0.035
2026/02/03 16:08:24,00493,国美零售,GOME RETAIL,,0.016,0.001,6.66667,0.015,0.015,0.016,0.014,25332003,374282,0.015,0.016
2026/02/03 16:08:24,00495,PALADIN,PALADIN,,0.012,0.0,0.0,0.012,0.0,0.0,0.0,0,0,0.0,0.0
2026/02/03 16:08:24,00496,卡森国际,KASEN,,0.345,-0.015,-4.16667,0.36,0.35,0.36,0.345,142000,50580,0.345,0.36
2026/02/03 16:08:24,00497,资本策略地产,CSI PROPERTIES,,0.204,0.009,4.61538,0.195,0.195,0.205,0.195,555000,111795,0.201,0.204
2026/02/03 16:08:24,00498,蓝河控股,BLUE RIVER HLDG,,0.172,0.0,0.0,0.172,0.0,0.0,0.0,0,0,0.165,0.182
2026/02/03 16:08:24,00499,青岛控股,QINGDAO HLDGS,,0.127,0.0,0.0,0.127,0.127,0.127,0.127,224200,28472,0.125,0.127
2026/02/03 16:08:24,00500,先丰服务集团,FRONTIER SER,,0.068,-0.002,-2.85714,0.07,0.069,0.074,0.067,1672000,115710,0.067,0.068
2026/02/03 16:08:24,00501,豪威集团,OMNIVISION,,104.8,0.2,0.19121,104.6,104.8,106.5,104.8,364998,38323063,104.8,105.0
2026/02/03 16:08:24,00505,兴业合金,XINGYE ALLOY,,0.99,-0.01,-1.0,1.0,1.0,1.0,0.99,114000,113960,0.99,1.0
2026/02/03 16:08:20,00506,中国食品,CHINA FOODS,,4.25,0.05,1.19048,4.2,4.22,4.29,4.2,880500,3735546,4.22,4.25
2026/02/03 16:08:24,00508,鼎亿集团投资,DINGYI GP INV,,0.73,0.05,7.35294,0.68,0.7,0.74,0.67,615000,425800,0.7,0.73
2026/02/03 16:08:24,00509,世纪阳光,SUNSHINE,,0.17,0.0,0.0,0.17,0.0,0.0,0.0,0,0,0.0,0.0
2026/02/03 16:08:24,00510,时富金融服务集团,CASH FIN SER GP,,0.68,0.0,0.0,0.68,0.68,0.68,0.68,10500,6915,0.67,0.71
2026/02/03 16:08:24,00511,电视广播,TVB,,2.96,-0.04,-1.33333,3.0,2.96,2.98,2.93,614100,1814399,2.95,2.96
2026/02/03 16:08:24,00512,远大医药,GRAND PHARMA,,7.75,0.01,0.1292,7.74,7.75,7.81,7.68,3371500,26103020,7.74,7.75
2026/02/03 16:08:24,00513,恒和集团,CONTINENTAL H,,0.139,0.01,7.75194,0.129,0.139,0.139,0.139,10000,1390,0.123,0.14
2026/02/03 16:08:24,00515,中华银科技,CHINASILVER TEC,,0.173,0.0,0.0,0.173,0.0,0.0,0.0,0,0,0.0,0.0
2026/02/03 16:08:24,00517,中远海运国际,COSCO SHIP INTL,,6.28,0.13,2.11383,6.15,6.24,6.3,6.15,2161000,13411620,6.25,6.29
2026/02/03 16:08:24,00518,同得仕（集团）,TUNGTEX (HOLD),,0.195,0.005,2.63158,0.19,0.195,0.195,0.195,50000,9750,0.19,0.195
2026/02/03 16:08:24,00519,诺科达科技,NOVAUTEK,,0.205,-0.005,-2.38095,0.21,0.21,0.21,0.205,105000,22025,0.205,0.215
2026/02/03 16:08:24,00520,呷哺呷哺,XIABUXIABU,,0.76,0.01,1.33333,0.75,0.75,0.76,0.74,3296500,2481770,0.75,0.76
2026/02/03 16:08:24,00521,CWT INT'L,CWT INT'L,,0.29,0.0,0.0,0.29,0.285,0.295,0.285,3090000,894350,0.285,0.29
2026/02/03 16:08:24,00522,ASMPT,ASMPT,,104.2,4.35,4.35653,99.85,101.7,105.5,101.7,2122183,220017278,103.8,104.2
2026/02/03 16:08:24,00524,长城天下,GW TERROIR,,0.33,0.0,0.0,0.33,0.0,0.0,0.0,60,15,0.26,0.33
2026/02/03 16:08:20,00525,广深铁路股份,GUANGSHEN RAIL,,2.15,-0.01,-0.46296,2.16,2.17,2.19,2.13,5062000,10895630,2.14,2.15
2026/02/03 16:08:24,00526,利时集团控股,LISI GP HOLD,,0.083,-0.005,-5.68182,0.088,0.092,0.092,0.083,724000,62684,0.083,0.086
2026/02/03 16:08:24,00527,瑞风新能源,RUIFENG RENEW,,0.59,-0.04,-6.34921,0.63,0.61,0.61,0.59,432000,259440,0.59,0.6
2026/02/03 16:08:24,00528,金达控股,KINGDOM HOLDING,,1.08,0.02,1.8868,1.06,1.06,1.08,1.06,80000,86200,1.08,1.1
2026/02/03 16:08:24,00529,SIS INT'L,SIS INT'L,,2.11,0.0,-1e-05,2.11,0.0,0.0,0.0,0,0,2.07,2.15
2026/02/03 16:08:24,00532,WKK INTL (HOLD),WKK INTL (HOLD),,0.295,0.0,0.0,0.295,0.0,0.0,0.0,0,0,0.29,0.31
2026/02/03 16:08:24,00533,金利来集团,GOLDLION HOLD,,0.97,0.0,0.0,0.97,0.97,0.97,0.96,378000,362930,0.96,0.97
2026/02/03 16:08:24,00535,金地商置,GEMDALE PPT,,0.175,0.001,0.57471,0.174,0.176,0.179,0.168,1616000,277872,0.172,0.175
2026/02/03 16:08:24,00536,贸易通,TRADELINK,,1.08,0.01,0.93458,1.07,1.06,1.08,1.06,372000,398080,1.07,1.08
2026/02/03 16:08:24,00538,味千（中国）,AJISEN (CHINA),,0.92,0.01,1.0989,0.91,0.9,0.92,0.89,657000,591510,0.91,0.92
2026/02/03 16:08:24,00540,迅捷环球控股,SPEEDY GLOBAL,,0.2,0.0,0.0,0.2,0.0,0.0,0.0,0,0,0.188,0.209
2026/02/03 16:08:24,00542,中国文旅农业,CN CULTURAL T&A,,1.33,0.05,3.90625,1.28,1.27,1.35,1.2,1716800,2141368,1.24,1.33
2026/02/03 16:08:24,00543,太平洋网络,PACIFIC ONLINE,,0.325,0.0,0.0,0.325,0.325,0.325,0.325,10000,3250,0.325,0.34
2026/02/03 16:08:24,00544,大同集团,DAIDO GROUP,,1.72,0.0,0.0,1.72,1.7,1.7,1.7,25000,42500,1.72,1.93
2026/02/03 16:08:24,00546,阜丰集团,FUFENG GROUP,,8.42,-0.04,-0.47281,8.46,8.38,8.71,8.38,2461000,20924214,8.42,8.48
2026/02/03 16:08:24,00547,数字王国,DIGITAL DOMAIN,,0.32,0.0,0.0,0.32,0.0,0.0,0.0,0,0,0.31,0.33
2026/02/03 16:08:24,00548,深圳高速公路股份,SHENZHENEXPRESS,,7.5,0.09,1.21458,7.41,7.45,7.51,7.45,1534127,11491379,7.5,7.51
2026/02/03 16:08:24,00550,律齐文化,ALLEGRO CULTURE,,0.305,-0.015,-4.6875,0.32,0.33,0.345,0.28,5164000,1570030,0.3,0.305
2026/02/03 16:08:20,00551,裕元集团,YUE YUEN IND,,17.37,0.17,0.98838,17.2,17.4,17.58,17.22,2802450,48612607,17.36,17.37
2026/02/03 16:08:24,00552,中国通信服务,CHINACOMSERVICE,,4.49,-0.09,-1.96507,4.58,4.59,4.61,4.49,11846810,53507464,4.49,4.5
2026/02/03 16:08:24,00553,南京熊猫电子股份,NANJING PANDA,,5.19,0.1,1.96464,5.09,5.16,5.26,5.11,6764000,35109540,5.19,5.2
2026/02/03 16:08:24,00554,汉思集团控股,HANS GP HLDGS,,0.227,0.002,0.88889,0.225,0.227,0.227,0.227,2000,454,0.217,0.227
2026/02/03 16:08:24,00556,泛亚环保,PAN ASIA ENVIRO,,0.62,0.01,1.63935,0.61,0.6,0.63,0.59,1440000,884400,0.62,0.63
2026/02/03 16:08:24,00557,天元医疗,TIANYUAN HEALTH,,0.7,0.0,0.0,0.7,0.0,0.0,0.0,0,0,0.61,0.78
2026/02/03 16:08:20,00558,力劲科技,LK TECH,,3.21,-0.04,-1.23077,3.25,3.26,3.27,3.18,1951640,6279970,3.21,3.22
2026/02/03 16:08:24,00559,德泰新能源集团,DETAI NEWENERGY,,0.091,-0.004,-4.21053,0.095,0.095,0.095,0.091,80000,7520,0.091,0.095
2026/02/03 16:08:24,00560,珠江船务,CHU KONG SHIP,,0.75,0.0,0.0,0.75,0.75,0.75,0.74,188000,140980,0.75,0.76
2026/02/03 16:08:24,00563,上实城市开发,SH IND URBAN,,0.315,0.0,0.0,0.315,0.305,0.315,0.305,570800,176164,0.31,0.315
2026/02/03 16:08:24,00564,中创智领,ZCZL,,22.66,1.18,5.49348,21.48,21.62,22.74,21.62,3047000,68026413,22.6,22.66
2026/02/03 16:08:20,00565,锦艺集团控股,ART GROUP HOLD,,1.45,-0.1,-6.45161,1.55,1.62,1.79,1.43,11805500,19310537,1.42,1.45
2026/02/03 16:08:24,00567,大昌微线集团,DAISHOMICROLINE,,0.098,0.0,0.0,0.098,0.098,0.098,0.098,60000,5880,0.092,0.102
2026/02/03 16:08:24,00568,山东墨龙,SHANDONG MOLONG,,3.89,0.05,1.30209,3.84,3.84,3.92,3.71,30864400,118117012,3.89,3.91
2026/02/03 16:08:24,00570,中国中药,TRAD CHI MED,,2.01,-0.01,-0.49505,2.02,2.02,2.03,1.98,12998000,26031330,2.0,2.01
2026/02/03 16:08:24,00571,丰德丽控股,ESUN HOLDINGS,,0.05,0.004,8.69565,0.046,0.05,0.063,0.047,3432000,183582,0.049,0.051
2026/02/03 16:08:24,00572,未来世界控股,FW HOLDINGS,,0.46,0.0,0.0,0.46,0.0,0.0,0.0,0,0,0.46,0.48
2026/02/03 16:08:24,00573,稻香控股,TAO HEUNG HLDGS,,0.3,0.0,0.0,0.3,0.295,0.3,0.295,168000,49585,0.295,0.3
2026/02/03 16:08:24,00574,百信国际,PASHUN INT'L,,0.063,0.0,0.0,0.063,0.066,0.066,0.056,1706000,103630,0.059,0.063
2026/02/03 16:08:24,00575,励晶太平洋,REGENT PACIFIC,,1.0,-0.03,-2.91262,1.03,0.99,1.0,0.99,81500,80650,0.93,1.0
2026/02/03 16:08:20,00576,浙江沪杭甬,ZHEJIANGEXPRESS,,7.52,0.05,0.66934,7.47,7.43,7.58,7.42,16627610,125175952,7.51,7.52
2026/02/03 16:08:24,00579,京能清洁能源,JNCEC,,2.27,-0.01,-0.4386,2.28,2.28,2.3,2.26,3525457,8024484,2.27,2.28
2026/02/03 16:08:24,00580,赛晶科技,SUN.KING TECH,,2.04,0.17,9.09091,1.87,1.89,2.07,1.86,8750000,17394880,2.02,2.04
2026/02/03 16:08:24,00581,中国东方集团,CHINA ORIENTAL,,1.44,0.09,6.66667,1.35,1.36,1.44,1.36,3902000,5503492,1.42,1.44
2026/02/03 16:08:24,00582,神话世界,SHIN HWA WORLD,,0.138,0.0,0.0,0.138,0.0,0.0,0.0,0,0,0.132,0.152
2026/02/03 16:08:24,00583,长城环亚控股,GWPA HOLDINGS,,0.229,-0.015,-6.14754,0.244,0.218,0.229,0.218,184000,40956,0.217,0.229
2026/02/03 16:08:24,00585,意力国际,IMAGI INT'L,,0.86,-0.05,-5.4945,0.91,0.86,0.86,0.86,8000,6880,0.85,0.89
2026/02/03 16:08:20,00586,海螺创业,CONCH VENTURE,,10.66,0.31,2.99517,10.35,10.38,10.67,10.36,7569000,79989175,10.65,10.66
2026/02/03 16:08:24,00587,海螺环保,CONCH ENVIRO,,0.51,0.0,0.0,0.51,0.51,0.52,0.51,1105500,569985,0.51,0.52
2026/02/03 16:08:24,00588,北京北辰实业股份,BEIJING N STAR,,0.79,0.02,2.59741,0.77,0.8,0.88,0.78,39890000,32662820,0.79,0.8
2026/02/03 16:08:24,00590,六福集团,LUK FOOK HOLD,,31.4,0.26,0.83494,31.14,31.12,31.64,30.84,1939658,60719394,31.16,31.42
2026/02/03 16:08:24,00591,中国高精密,C HIGHPRECISION,,0.355,0.005,1.42857,0.35,0.36,0.36,0.345,433000,152610,0.35,0.355
2026/02/03 16:08:24,00595,AV CONCEPT HOLD,AV CONCEPT HOLD,,0.4,0.01,2.5641,0.39,0.39,0.4,0.39,240400,94404,0.395,0.4
2026/02/03 16:08:20,00596,浪潮数字企业,INSPUR DIGI ENT,,4.74,-0.07,-1.45531,4.81,4.88,4.89,4.65,3862020,18343238,4.74,4.78
2026/02/03 16:08:24,00598,中国外运,SINOTRANS,,5.13,0.08,1.58416,5.05,5.08,5.22,5.08,7078224,36379128,5.13,5.14
2026/02/03 16:08:24,00599,怡邦行控股,E. BON HOLDINGS,,0.175,0.0,0.0,0.175,0.175,0.175,0.175,16000,2800,0.168,0.185
2026/02/03 16:08:24,00601,稀镁科技,REMT,,0.092,0.009,10.84337,0.083,0.085,0.092,0.085,590000,53710,0.092,0.093
2026/02/03 16:08:24,00602,佳华百货控股,JIAHUA STORES H,,0.057,0.0,0.0,0.057,0.058,0.058,0.053,82500,4410,0.052,0.057
2026/02/03 16:08:24,00603,中油燃气,CHINA OIL & GAS,,0.175,0.003,1.74418,0.172,0.17,0.175,0.17,1170000,201720,0.171,0.175
2026/02/03 16:08:24,00604,深圳控股,SHENZHEN INVEST,,0.86,0.01,1.17647,0.85,0.86,0.87,0.84,7689056,6549375,0.85,0.86
2026/02/03 16:08:24,00605,中国金融投资管理,C FIN SERVICES,,0.85,-0.03,-3.40909,0.88,0.85,0.85,0.85,94000,79900,0.85,0.92
2026/02/03 16:08:24,00606,中骏商管,SCE CM,,0.31,-0.01,-3.125,0.32,0.325,0.33,0.29,220000,67490,0.3,0.32
2026/02/03 16:08:24,00607,丰盛控股,FULLSHARE,,1.9,0.03,1.60428,1.87,1.9,1.93,1.86,7958800,15019080,1.87,1.9
2026/02/03 16:08:24,00608,达利国际,HIGH FASHION,,1.49,0.0,0.0,1.49,0.0,0.0,0.0,0,0,1.37,1.5
2026/02/03 16:08:24,00609,天德化工,TIANDE CHEMICAL,,1.6,0.06,3.89611,1.54,1.56,1.6,1.56,64000,100000,1.57,1.64
2026/02/03 16:08:24,00610,WAI KEE HOLD,WAI KEE HOLD,,0.89,0.01,1.13636,0.88,0.89,0.89,0.89,12000,10680,0.87,0.91
2026/02/03 16:08:24,00611,中国核能科技,CNE TECH CORP,,0.465,-0.005,-1.06383,0.47,0.465,0.47,0.46,1642000,761300,0.46,0.465
2026/02/03 16:08:24,00612,嘉文世纪投资公司,CARMEN CENTURY,,0.335,0.0,0.0,0.335,0.0,0.0,0.0,0,0,0.0,0.0
2026/02/03 16:08:24,00613,梧桐国际,PLANETREE INT'L,,1.12,-0.07,-5.88235,1.19,1.19,1.19,1.05,648000,710480,1.1,1.12
2026/02/03 16:08:24,00616,高山企业,EMINENCE ENT,,0.325,0.0,0.0,0.325,0.33,0.345,0.32,7062000,2326885,0.32,0.325
2026/02/03 16:08:24,00617,百利保控股,PALIBURG HOLD,,0.241,0.0,0.0,0.241,0.236,0.242,0.236,226000,53396,0.235,0.241
2026/02/03 16:08:24,00618,北大资源,PKU RESOURCES,,0.227,0.005,2.25225,0.222,0.23,0.232,0.225,320000,73408,0.226,0.23
2026/02/03 16:08:24,00619,南华金融,SOUTH CHINA FIN,,0.38,0.03,8.57143,0.35,0.39,0.39,0.38,110000,42460,0.325,0.39
2026/02/03 16:08:24,00620,大唐西市,DTXS SILK ROAD,,0.425,-0.03,-6.5934,0.455,0.48,0.48,0.42,626000,276080,0.425,0.475
2026/02/03 16:08:24,00621,坛金矿业,TAUNG GOLD,,0.53,0.01,1.92307,0.52,0.52,0.53,0.5,4120000,2115350,0.52,0.53
2026/02/03 16:08:24,00622,威华达控股,OSHIDORI,,0.87,-0.04,-4.3956,0.91,0.87,0.9,0.87,4096800,3606102,0.87,0.88
2026/02/03 16:08:24,00623,中视金桥,SINOMEDIA,,2.01,0.04,2.03046,1.97,1.96,2.01,1.94,164000,321760,1.98,2.01
2026/02/03 16:08:24,00626,大众金融控股,PUBLIC FIN HOLD,,1.51,0.02,1.34228,1.49,1.48,1.51,1.46,284000,423040,1.5,1.51
2026/02/03 16:08:24,00627,共生智筑,VISION SYNERGY,,0.56,0.0,0.0,0.56,0.0,0.0,0.0,0,0,0.42,0.58
2026/02/03 16:08:24,00628,通通ＡＩ社交,TONGTONG AI SOC,,0.19,0.0,0.0,0.19,0.19,0.19,0.186,58000,10964,0.186,0.19
2026/02/03 16:08:24,00629,悦达国际控股,YUE DA INTL,,0.3,0.0,0.0,0.3,0.0,0.0,0.0,0,0,0.28,0.3
2026/02/03 16:08:24,00630,隽泰控股,AMCO UNITED,,0.25,-0.01,-3.84615,0.26,0.247,0.26,0.247,140000,35130,0.25,0.275
2026/02/03 16:08:24,00631,三一国际,SANY INT'L,,12.8,1.05,8.93617,11.75,11.99,12.81,11.88,19801623,245659421,12.79,12.8
2026/02/03 16:08:24,00632,中港石油,CHK OIL,,0.24,0.009,3.8961,0.231,0.238,0.245,0.23,20902000,4913950,0.236,0.241
2026/02/03 16:08:24,00635,彩星集团,PLAYMATES,,0.495,0.0,0.0,0.495,0.495,0.495,0.45,886000,427770,0.495,0.5
2026/02/03 16:08:24,00636,KLN,KLN,,7.01,0.11,1.59421,6.9,6.96,7.01,6.91,311156,2170949,6.98,7.01
2026/02/03 16:08:24,00637,利记,LEE KEE,,0.22,0.013,6.28019,0.207,0.207,0.225,0.207,1514000,333828,0.216,0.22
2026/02/03 16:08:24,00638,广和通,FIBOCOM,,14.73,0.05,0.3406,14.68,14.8,14.88,14.66,1481200,21923430,14.73,14.79
2026/02/03 16:08:24,00639,首钢资源,SHOUGANG RES,,3.28,0.02,0.6135,3.26,3.28,3.28,3.19,5500132,17815136,3.26,3.28
2026/02/03 16:08:24,00640,星谦发展,INFINITY DEV,,2.7,0.01,0.37175,2.69,2.87,2.95,2.68,28000,79440,2.7,2.82
2026/02/03 16:08:24,00641,中国恒天立信国际,CHTC FONG'S INT,,0.275,0.0,0.0,0.275,0.27,0.275,0.27,280000,76860,0.265,0.28
2026/02/03 16:08:24,00643,恒富控股,CARRY WEALTH,,0.241,0.011,4.78261,0.23,0.23,0.245,0.223,400000,93760,0.236,0.241
2026/02/03 16:08:24,00645,安域亚洲,ARES ASIA,,0.156,0.013,9.09091,0.143,0.16,0.16,0.16,44000,7040,0.13,0.156
2026/02/03 16:08:24,00646,中国环保科技,CHINA ENV TEC,,0.153,0.0,0.0,0.153,0.0,0.0,0.0,0,0,0.15,0.158
2026/02/03 16:08:24,00648,京玖康疗,SOFTMEDX,,0.179,-0.019,-9.59596,0.198,0.187,0.2,0.179,600657,112240,0.179,0.199
2026/02/03 16:08:24,00650,普达特科技,PRODUCTIVE TECH,,0.229,0.003,1.32744,0.226,0.226,0.235,0.222,1022000,230110,0.223,0.229
2026/02/03 16:08:24,00653,卓悦控股,BONJOUR HOLD,,0.133,0.008,6.4,0.125,0.125,0.133,0.123,3500000,443980,0.127,0.133
2026/02/03 16:08:24,00655,香港华人有限公司,HK CHINESE LTD,,0.305,-0.005,-1.6129,0.31,0.31,0.31,0.305,68000,20920,0.305,0.31
2026/02/03 16:08:20,00656,复星国际,FOSUN INTL,,4.12,0.0,0.0,4.12,4.12,4.14,4.0,12904232,52556717,4.11,4.12
2026/02/03 16:08:24,00657,环科国际,G-VISION INT'L,,0.044,0.0,0.0,0.044,0.047,0.049,0.047,224000,10702,0.037,0.044
2026/02/03 16:08:24,00658,中国高速传动,C TRANSMISSION,,1.87,0.03,1.63044,1.84,1.84,1.9,1.81,418000,776100,1.85,1.87
2026/02/03 16:08:24,00659,周大福创建,CTF SERVICES,,9.13,0.16,1.78373,8.97,9.0,9.17,8.97,2911863,26530301,9.13,9.15
2026/02/03 16:08:24,00660,玮俊生物科技,WAI CHUN BIOTEC,,0.202,0.0,0.0,0.202,0.0,0.0,0.0,0,0,0.183,0.202
2026/02/03 16:08:24,00661,中国大冶有色金属,CDAYENONFER,,0.183,0.022,13.6646,0.161,0.169,0.185,0.164,101514000,17526030,0.182,0.183
2026/02/03 16:08:24,00662,亚洲金融,ASIA FINANCIAL,,4.9,0.0,0.0,4.9,0.0,0.0,0.0,0,0,4.89,5.0
2026/02/03 16:08:24,00663,金山能源,KING STONE ENGY,,0.102,0.0,0.0,0.102,0.0,0.0,0.0,0,0,0.0,0.0
2026/02/03 16:08:24,00666,瑞浦兰钧,REPT BATTERO,,12.85,0.93,7.80202,11.92,12.19,12.97,12.0,11426010,143738601,12.81,12.85
2026/02/03 16:08:24,00667,中国东方教育,CHINA EAST EDU,,5.48,-0.04,-0.72464,5.52,5.57,5.72,5.39,4946000,27099563,5.47,5.48
2026/02/03 16:08:24,00669,创科实业,TECHTRONIC IND,,107.9,2.4,2.27488,105.5,105.5,108.8,104.4,4610784,494848488,107.8,107.9
2026/02/03 16:08:24,00670,中国东方航空股份,CHINA EAST AIR,,5.8,0.4,7.40741,5.4,5.41,5.8,5.4,24840904,140775903,5.78,5.8
2026/02/03 16:08:24,00672,众安集团,ZHONGAN GROUP,,0.119,0.001,0.84746,0.118,0.118,0.12,0.117,1022400,121925,0.115,0.119
2026/02/03 16:08:24,00673,中国卫生集团,CHINA HEALTH,,0.61,0.0,0.0,0.61,0.61,0.61,0.6,108000,65820,0.61,0.7
2026/02/03 16:08:24,00674,中国唐商,CHINA TANGSHANG,,0.075,0.001,1.35136,0.074,0.075,0.075,0.075,4000,300,0.07,0.075
2026/02/03 16:08:24,00675,坚宝国际,K & P INT'L,,0.41,0.0,0.0,0.41,0.0,0.0,0.0,0,0,0.375,0.42
2026/02/03 16:08:24,00676,创信国际,PEGASUS INT'L,,1.02,0.0,0.0,1.02,0.0,0.0,0.0,0,0,0.95,1.09
2026/02/03 16:08:24,00677,金源发展国际实业,GOLDEN RES DEV,,0.35,0.0,0.0,0.35,0.35,0.35,0.35,248000,86800,0.35,0.355
2026/02/03 16:08:24,00679,亚洲联网科技,ASIA TELE-NET,,1.03,0.02,1.9802,1.01,1.02,1.03,1.02,390000,401600,0.99,1.04
2026/02/03 16:08:24,00681,中民控股,CHI PEOPLE HOLD,,0.035,0.0,0.0,0.035,0.036,0.036,0.033,12872000,434130,0.034,0.035
2026/02/03 16:08:24,00682,超大现代,CHAODA MODERN,,0.31,0.0,0.0,0.31,0.0,0.0,0.0,0,0,0.28,0.335
2026/02/03 16:08:20,00683,嘉里建设,KERRY PPT,,24.46,0.9,3.82003,23.56,23.88,24.46,23.8,2084964,50606237,24.38,24.46
2026/02/03 16:08:24,00684,亚伦国际,ALLAN INT'L,,0.56,-0.01,-1.75439,0.57,0.56,0.56,0.56,4000,2240,0.55,0.56
2026/02/03 16:08:24,00685,世界华文媒体,MEDIA CHINESE,,0.209,-0.001,-0.47619,0.21,0.209,0.209,0.209,5000,1045,0.204,0.21
2026/02/03 16:08:24,00686,北京能源国际,BJ ENERGY INTL,,1.16,0.0,0.0,1.16,1.15,1.18,1.15,279600,324790,1.16,1.19
2026/02/03 16:08:24,00687,泰升集团,TYSAN HOLDINGS,,0.32,-0.015,-4.47761,0.335,0.0,0.0,0.0,0,0,0.31,0.32
2026/02/03 16:08:20,00688,中国海外发展,CHINA OVERSEAS,,13.99,0.26,1.89366,13.73,13.69,14.1,13.65,16224487,226162131,13.99,14.01
2026/02/03 16:08:24,00689,长盈集团（控股）,EPI (HOLDINGS),,0.182,0.008,4.5977,0.174,0.179,0.182,0.179,239500,42942,0.18,0.185
2026/02/03 16:08:24,00690,联康生物科技集团,UNI-BIO GROUP,,0.11,-0.001,-0.9009,0.111,0.11,0.113,0.103,15220000,1600980,0.107,0.11
2026/02/03 16:08:24,00691,山水水泥,SHANSHUI CEMENT,,0.53,-0.05,-8.6207,0.58,0.53,0.55,0.5,276000,142440,0.53,0.55
2026/02/03 16:08:24,00693,陈唱国际,TAN CHONG INT'L,,1.81,-0.02,-1.0929,1.83,1.81,1.81,1.81,6000,10860,1.81,1.95
2026/02/03 16:08:24,00694,北京首都机场股份,BEIJING AIRPORT,,2.59,-0.01,-0.38462,2.6,2.61,2.62,2.55,10516000,27126020,2.58,2.59
2026/02/03 16:08:24,00695,东吴水泥,DONGWU CEMENT,,9.58,0.34,3.67965,9.24,9.3,9.99,9.26,2264000,21910600,9.5,9.58
2026/02/03 16:08:24,00696,中国民航信息网络,TRAVELSKY TECH,,10.61,0.11,1.04762,10.5,10.5,10.67,10.45,4141574,43721091,10.59,10.61
2026/02/03 16:08:24,00697,首程控股,SHOUCHENG,,2.01,0.02,1.00503,1.99,1.99,2.02,1.97,39318000,78821040,2.01,2.02
2026/02/03 16:08:24,00698,通达集团,TONGDA GROUP,,3.52,-0.12,-3.2967,3.64,3.64,3.64,3.5,141109,497692,3.52,3.57
2026/02/03 16:08:24,00699,均胜电子,JOYSON ELEC,,16.92,0.15,0.89446,16.77,16.78,17.09,16.78,1781300,30215792,16.92,17.02
2026/02/03 16:08:24,00700,腾讯控股,TENCENT,,581.0,-17.5,-2.92398,598.5,598.5,601.5,561.0,65128647,37562016592,580.5,581.0
2026/02/03 16:08:24,00701,CNT GROUP,CNT GROUP,,0.19,0.0,0.0,0.19,0.0,0.0,0.0,0,0,0.185,0.19
2026/02/03 16:08:24,00702,中国油气控股,SINO OIL & GAS,,0.034,0.0,1e-05,0.034,0.0,0.0,0.0,0,0,0.0,0.0
2026/02/03 16:08:24,00703,FUTURE BRIGHT,FUTURE BRIGHT,,0.132,0.005,3.93701,0.127,0.131,0.132,0.131,156000,20556,0.127,0.133
2026/02/03 16:08:24,00704,和嘉控股,HUSCOKE HLDGS,,0.109,0.0,0.0,0.109,0.109,0.109,0.109,110000,11990,0.103,0.117
2026/02/03 16:08:24,00707,亚洲电视控股,ATV HOLDINGS,,0.06,0.0,0.0,0.06,0.0,0.0,0.0,0,0,0.0,0.0
2026/02/03 16:08:24,00708,恒大汽车,EVERG VEHICLE,,0.17,0.0,0.0,0.17,0.0,0.0,0.0,0,0,0.0,0.0
2026/02/03 16:08:24,00709,佐丹奴国际,GIORDANO INT'L,,1.47,0.0,0.0,1.47,1.47,1.47,1.46,696000,1018650,1.46,1.47
2026/02/03 16:08:24,00710,京东方精电,BOE VARITRONIX,,4.78,0.09,1.91898,4.69,4.66,4.8,4.66,1285000,6114710,4.73,4.78
2026/02/03 16:08:24,00711,亚洲联合基建控股,ASIA ALLIED INF,,0.43,0.0,0.0,0.43,0.43,0.43,0.43,68000,29240,0.43,0.435
2026/02/03 16:08:24,00712,卡姆丹克太阳能,COMTEC SOLAR,,0.127,0.002,1.6,0.125,0.126,0.127,0.126,212500,26947,0.126,0.129
2026/02/03 16:08:24,00713,世界（集团）,WORLD HOUSEWARE,,0.415,0.01,2.46913,0.405,0.4,0.415,0.4,184000,75500,0.4,0.415
2026/02/03 16:08:24,00716,胜狮货柜,SINGAMAS CONT,,0.64,0.0,0.0,0.64,0.64,0.65,0.64,2866000,1853940,0.64,0.65
2026/02/03 16:08:24,00717,英皇资本,EMPEROR CAPITAL,,0.092,-0.001,-1.07527,0.093,0.093,0.093,0.091,5406000,495414,0.092,0.093
2026/02/03 16:08:24,00718,太和控股,TAI UNITED HOLD,,0.033,0.003,10.0,0.03,0.031,0.034,0.031,2890000,94500,0.031,0.033
2026/02/03 16:08:24,00719,山东新华制药股份,SHANDONG XINHUA,,6.91,0.03,0.43604,6.88,6.96,6.96,6.83,598000,4121740,6.89,6.91
2026/02/03 16:08:24,00720,意达利控股,AUTO ITALIA,,0.295,0.005,1.72413,0.29,0.32,0.32,0.29,500000,149125,0.29,0.305
2026/02/03 16:08:24,00721,中国金融国际,C FIN INT INV,,0.049,-0.001,-2.0,0.05,0.05,0.05,0.047,1390000,69250,0.048,0.049
2026/02/03 16:08:24,00722,联合医务,UMP,,0.465,0.0,0.0,0.465,0.0,0.0,0.0,0,0,0.46,0.47
2026/02/03 16:08:24,00723,信保环球控股,RELIANCE GLO HL,,0.265,0.01,3.92156,0.255,0.26,0.29,0.255,3840000,1039650,0.26,0.28
2026/02/03 16:08:24,00724,瑞鑫国际集团,RUIXIN INT'L,,0.105,0.0,0.0,0.105,0.0,0.0,0.0,0,0,0.0,0.0
2026/02/03 16:08:24,00725,恒都集团,PERENNIAL INT'L,,0.78,0.0,0.0,0.78,0.0,0.0,0.0,0,0,0.74,0.79
2026/02/03 16:08:24,00726,筑友智造科技,DIT GROUP,,0.038,-0.001,-2.56411,0.039,0.039,0.039,0.038,467500,17762,0.038,0.044
2026/02/03 16:08:24,00727,皇冠环球集团,CROWNICORP,,0.66,0.0,0.0,0.66,0.69,0.69,0.66,129000,86570,0.66,0.69
2026/02/03 16:08:24,00728,中国电信,CHINA TELECOM,,5.0,-0.11,-2.15264,5.11,5.12,5.12,4.96,113664047,569128086,4.99,5.0
2026/02/03 16:08:24,00730,首惠产业金融,CAPITAL IND FIN,,0.127,0.0,0.0,0.127,0.0,0.0,0.0,0,0,0.127,0.13
2026/02/03 16:08:24,00731,建发新胜,C&D NEWIN,,0.18,0.0,0.0,0.18,0.0,0.0,0.0,0,0,0.174,0.186
2026/02/03 16:08:24,00732,信利国际,TRULY INT'L,,1.03,0.0,0.0,1.03,1.04,1.05,1.03,1684913,1749849,1.03,1.04
2026/02/03 16:08:24,00733,合富辉煌,HOPEFLUENT,,0.28,0.0,0.0,0.28,0.0,0.0,0.0,0,0,0.26,0.31
2026/02/03 16:08:24,00736,中国置业投资,CHINA PPT INV,,0.59,-0.01,-1.66667,0.6,0.6,0.61,0.6,159000,95460,0.57,0.59
2026/02/03 16:08:24,00737,湾区发展,BAY AREA DEV,,1.9,0.03,1.60428,1.87,1.89,1.92,1.87,917500,1745065,1.9,1.92
2026/02/03 16:08:24,00738,莱尔斯丹,LE SAUNDA,,0.231,0.0,0.0,0.231,0.0,0.0,0.0,0,0,0.23,0.247
2026/02/03 16:08:24,00743,亚洲水泥（中国）,ASIA CEMENT CH,,2.3,0.01,0.43668,2.29,2.3,2.31,2.3,432000,997425,2.3,2.31
2026/02/03 16:08:24,00745,中国国家文化产业,CN CULTURE GP,,0.7,-0.08,-10.25641,0.78,0.76,0.76,0.7,40000,29200,0.67,0.83
2026/02/03 16:08:24,00746,理文化工,L & M CHEMICAL,,6.1,0.2,3.38983,5.9,5.91,6.2,5.91,770000,4698940,6.1,6.12
2026/02/03 16:08:24,00747,渖阳公用发展股份,SHENYANG PUBLIC,,0.102,0.01,10.86956,0.092,0.092,0.102,0.092,250000,25000,0.093,0.102
2026/02/03 16:08:24,00750,水发兴业能源,SFSY ENERGY,,0.23,-0.009,-3.76569,0.239,0.248,0.248,0.224,3517000,805021,0.227,0.23
2026/02/03 16:08:22,00751,创维集团,SKYWORTH GROUP,,7.14,0.11,1.56472,7.03,7.04,7.16,7.02,3990492,28316825,7.13,7.14
2026/02/03 16:08:24,00752,PICO FAR EAST,PICO FAR EAST,,2.9,0.06,2.11268,2.84,2.84,2.96,2.84,2042934,5927588,2.9,2.91
2026/02/03 16:08:24,00753,中国国航,AIR CHINA,,7.1,0.3,4.41176,6.8,6.87,7.13,6.8,23188000,162772090,7.08,7.1
2026/02/03 16:08:22,00754,合生创展集团,HOPSON DEV HOLD,,3.21,-0.06,-1.83486,3.27,3.27,3.36,3.17,5718441,18440061,3.21,3.22
2026/02/03 16:08:24,00755,大方广瑞德,DEVGREAT,,0.35,0.005,1.44927,0.345,0.34,0.35,0.34,33350,11307,0.34,0.38
2026/02/03 16:08:24,00756,森美控股,SUMMI,,0.425,0.055,14.86487,0.37,0.425,0.425,0.425,16000,6800,0.375,0.425
2026/02/03 16:08:24,00757,阳光能源,SOLARGIGA,,0.083,0.002,2.46913,0.081,0.083,0.084,0.081,376000,30832,0.082,0.083
2026/02/03 16:08:24,00759,CEC INT'L HOLD,CEC INT'L HOLD,,0.217,-0.008,-3.55556,0.225,0.216,0.217,0.216,4000,866,0.216,0.229
2026/02/03 16:08:24,00760,新天地产集团,TALENT PPT GP,,0.18,0.015,9.09091,0.165,0.18,0.18,0.18,134250,23780,0.15,0.18
2026/02/03 16:08:24,00762,中国联通,CHINA UNICOM,,7.27,-0.18,-2.41611,7.45,7.48,7.48,7.23,80281168,587197251,7.26,7.27
2026/02/03 16:08:24,00763,中兴通讯,ZTE,,27.58,0.26,0.95168,27.32,27.6,27.76,26.88,7168339,196556843,27.54,27.58
2026/02/03 16:08:24,00764,永恒策略,ETERNITY INV,,1.0,0.02,2.04082,0.98,1.0,1.01,1.0,20451,20523,0.98,1.0
2026/02/03 16:08:24,00765,PERFECTECH INTL,PERFECTECH INTL,,0.26,0.0,0.0,0.26,0.255,0.255,0.255,20000,5100,0.26,0.275
2026/02/03 16:08:24,00767,中基长寿科学,ZHONG JI LS,,0.5,0.02,4.16667,0.48,0.475,0.5,0.47,360000,173200,0.495,0.51
2026/02/03 16:08:24,00768,开明投资,UBA INVESTMENTS,,0.048,0.002,4.34783,0.046,0.048,0.048,0.043,514000,23608,0.045,0.048
2026/02/03 16:08:24,00769,中国稀土,CHINA RAREEARTH,,0.7,0.0,0.0,0.7,0.0,0.0,0.0,0,0,0.0,0.0
2026/02/03 16:08:24,00770,SHANGHAI GROWTH,SHANGHAI GROWTH,,0.365,0.015,4.28572,0.35,0.36,0.365,0.36,25000,9100,0.365,0.52
2026/02/03 16:08:24,00771,自动系统,AUTOMATED SYS,,0.87,0.0,0.0,0.87,0.87,0.87,0.87,130000,113100,0.87,0.89
2026/02/03 16:08:24,00772,阅文集团,CHINA LIT,,34.62,-0.38,-1.08572,35.0,35.04,35.42,33.38,5732434,196108528,34.56,34.62
2026/02/03 16:08:22,00775,长江生命科技,CKLIFE SCIENCES,,0.82,0.0,0.0,0.82,0.82,0.83,0.81,1712378,1406509,0.82,0.83
2026/02/03 16:08:24,00776,帝国科技集团,IMPERIUM TEC GP,,1.08,0.0,0.0,1.08,0.0,0.0,0.0,0,0,1.05,1.12
2026/02/03 16:08:22,00777,网龙,NETDRAGON,,9.9,0.06,0.60975,9.84,9.84,9.94,9.71,1698000,16741055,9.9,9.92
2026/02/03 16:08:24,00780,同程旅行,TONGCHENGTRAVEL,,23.64,0.48,2.07254,23.16,23.1,23.7,23.04,7606370,179015726,23.6,23.64
2026/02/03 16:08:24,00784,凌锐控股,LING YUI,,0.183,0.0,0.0,0.183,0.18,0.183,0.18,80000,14660,0.181,0.201
2026/02/03 16:08:22,00788,中国铁塔,CHINA TOWER,,10.98,-0.16,-1.43627,11.14,11.17,11.19,10.95,14497505,159527534,10.97,10.98
2026/02/03 16:08:24,00789,雅天妮集团,ARTINI HLDG,,0.395,0.0,0.0,0.395,0.0,0.0,0.0,4000,1420,0.37,0.445
2026/02/03 16:08:24,00794,锦胜集团（控股）,COME SURE GROUP,,0.184,0.0,0.0,0.184,0.0,0.0,0.0,0,0,0.171,0.0
2026/02/03 16:08:24,00797,第七大道,7ROAD,,0.71,0.0,0.0,0.71,0.0,0.0,0.0,0,0,0.65,0.71
2026/02/03 16:08:24,00798,中电光谷,CEOVU,,0.223,-0.001,-0.44643,0.224,0.218,0.223,0.217,224000,49244,0.217,0.228
2026/02/03 16:08:24,00799,IGG,IGG,,3.47,-0.04,-1.1396,3.51,3.52,3.54,3.43,1677000,5814122,3.45,3.47
2026/02/03 16:08:24,00800,文远知行－Ｗ,WERIDE-W,,20.4,-0.2,-0.97088,20.6,20.76,21.5,20.4,916135,18913325,20.4,20.42
2026/02/03 16:08:24,00802,中国钱包,CHINA E-WALLET,,0.045,0.0,0.0,0.045,0.0,0.0,0.0,0,0,0.0,0.0
2026/02/03 16:08:24,00804,鼎石资本,PINESTONE,,3.37,0.03,0.8982,3.34,3.36,3.36,3.36,5000,16800,3.37,3.68
2026/02/03 16:08:24,00805,新吉奥房车,NEW GONOW RV,,1.2,0.06,5.26316,1.14,1.14,1.21,1.11,458000,534500,1.16,1.2
2026/02/03 16:08:22,00806,惠理集团,VALUE PARTNERS,,2.43,0.04,1.67364,2.39,2.45,2.48,2.39,2533000,6145810,2.41,2.43
2026/02/03 16:08:24,00807,上海实业环境,SIICENVIRONMENT,,1.09,0.01,0.92593,1.08,1.09,1.1,1.08,693000,755430,1.09,1.11
2026/02/03 16:08:24,00809,大成生化科技,GLOBAL BIO-CHEM,,0.063,0.003,5.0,0.06,0.06,0.063,0.06,3200000,192194,0.062,0.064
2026/02/03 16:08:24,00810,中国铸晨８１,CH CASTSON 81,,0.13,-0.003,-2.25564,0.133,0.133,0.138,0.13,462000,61884,0.13,0.136
2026/02/03 16:08:22,00811,新华文轩,XINHUA WINSHARE,,10.74,-0.12,-1.10497,10.86,10.72,10.97,10.72,903000,9762890,10.74,10.77
2026/02/03 16:08:24,00813,世茂集团,SHIMAO GROUP,,0.222,0.015,7.24638,0.207,0.21,0.228,0.208,36659889,7964742,0.222,0.225
2026/02/03 16:08:24,00814,北京京客隆,JINGKELONG,,0.33,-0.005,-1.49253,0.335,0.0,0.0,0.0,0,0,0.305,0.33
2026/02/03 16:08:24,00815,中国白银集团,CHI SILVER GP,,0.68,0.04,6.25,0.64,0.65,0.68,0.64,64918600,42980802,0.67,0.68
2026/02/03 16:08:24,00816,金茂服务,JINMAO SERVICES,,2.59,-0.01,-0.38462,2.6,2.61,2.61,2.54,1183198,3035309,2.56,2.59
2026/02/03 16:08:22,00817,中国金茂,CHINA JINMAO,,1.69,0.05,3.04878,1.64,1.68,1.75,1.64,59054000,99932260,1.69,1.7
2026/02/03 16:08:24,00818,高阳科技,HI SUN TECH,,0.51,0.01,2.0,0.5,0.495,0.51,0.495,753000,376680,0.5,0.51
2026/02/03 16:08:24,00819,天能动力,TIANNENG POWER,,7.39,0.27,3.79213,7.12,7.14,7.44,7.17,8886000,65141308,7.39,7.4
2026/02/03 16:08:24,00821,汇盈控股,VC HOLDINGS,,0.37,0.0,0.0,0.37,0.0,0.0,0.0,0,0,0.345,0.38
2026/02/03 16:08:24,00822,嘉瑞国际,KA SHUI INT'L,,0.37,0.0,0.0,0.37,0.0,0.0,0.0,0,0,0.36,0.37
2026/02/03 16:08:24,00825,新世界百货中国,NWDS CHINA,,0.38,0.01,2.7027,0.37,0.37,0.385,0.365,758000,282930,0.38,0.385
2026/02/03 16:08:24,00826,天工国际,TIANGONG INT'L,,3.35,0.1,3.07692,3.25,3.23,3.37,3.23,11770000,38892440,3.32,3.35
2026/02/03 16:08:24,00827,玖源集团,KO YO GROUP,,0.031,0.001,3.33333,0.03,0.03,0.031,0.03,1104000,33124,0.029,0.031
2026/02/03 16:08:24,00828,王朝酒业,DYNASTY WINES,,0.25,0.0,0.0,0.25,0.25,0.25,0.25,40000,10000,0.245,0.255
2026/02/03 16:08:24,00829,神冠控股,SHENGUAN HLDGS,,0.25,-0.005,-1.96078,0.255,0.25,0.255,0.25,1648000,412500,0.25,0.255
2026/02/03 16:08:24,00830,中国建筑兴业,CSC DEVELOPMENT,,1.18,0.05,4.42477,1.13,1.15,1.18,1.15,486000,568120,1.17,1.18
2026/02/03 16:08:24,00831,利亚零售,CR ASIA,,0.335,0.0,0.0,0.335,0.34,0.34,0.325,8000,2680,0.325,0.34
2026/02/03 16:08:24,00832,建业地产,CENTRAL CHINA,,0.06,0.0,0.0,0.06,0.06,0.062,0.06,985000,59840,0.06,0.063
2026/02/03 16:08:24,00833,华讯,ALLTRONICS,,0.62,0.0,0.0,0.62,0.62,0.62,0.61,52000,32000,0.62,0.63
2026/02/03 16:08:24,00834,康大食品,KANGDA FOOD,,0.32,0.0,0.0,0.32,0.32,0.32,0.31,148000,47240,0.315,0.32
2026/02/03 16:08:22,00836,华润电力,CHINA RES POWER,,17.3,0.21,1.22878,17.09,17.2,17.38,17.08,22418002,386190233,17.29,17.3
2026/02/03 16:08:24,00837,谭木匠,CARPENTER TAN,,7.68,0.01,0.13038,7.67,7.7,7.73,7.67,20500,158075,7.68,7.78
2026/02/03 16:08:24,00838,亿和控股,EVA HOLDINGS,,0.89,-0.01,-1.11111,0.9,0.91,0.92,0.89,1172000,1058570,0.89,0.9
2026/02/03 16:08:24,00839,中教控股,CHINA EDU GROUP,,2.99,0.01,0.33557,2.98,3.03,3.06,2.96,8373267,24985068,2.98,2.99
2026/02/03 16:08:24,00840,天业节水,TIANYE WATER,,0.195,0.0,0.0,0.195,0.0,0.0,0.0,0,0,0.195,0.0
2026/02/03 16:08:24,00841,木薯资源,CASSAVA RES,,0.213,0.0,0.0,0.213,0.0,0.0,0.0,0,0,0.193,0.213
2026/02/03 16:08:24,00842,理士国际,LEOCH INT'L,,0.69,0.03,4.54545,0.66,0.66,0.69,0.65,830000,561570,0.68,0.69
2026/02/03 16:08:24,00844,广泰国际控股,GREATIME INTL,,0.44,-0.005,-1.1236,0.445,0.0,0.0,0.0,0,0,0.35,0.44
2026/02/03 16:08:24,00845,恒盛地产,GLORIOUS PPT H,,0.01,0.0,0.0,0.01,0.0,0.0,0.0,0,0,0.0,0.0
2026/02/03 16:08:24,00846,明发集团,MINGFA GROUP,,0.103,-0.009,-8.03571,0.112,0.104,0.104,0.103,52000,5384,0.103,0.112
2026/02/03 16:08:24,00848,茂业国际,MAOYE INT'L,,0.135,0.005,3.84616,0.13,0.135,0.135,0.135,1000,135,0.131,0.135
2026/02/03 16:08:24,00851,盛源控股,SHENG YUAN HLDG,,0.35,0.0,0.0,0.35,0.0,0.0,0.0,0,0,0.32,0.395
2026/02/03 16:08:24,00852,海峡石油化工,STRONG PETRO,,0.166,0.0,0.0,0.166,0.0,0.0,0.0,0,0,0.0,0.0
2026/02/03 16:08:24,00853,微创医疗,MICROPORT,,11.21,0.09,0.80935,11.12,11.16,11.37,10.95,11396767,127128898,11.2,11.21
2026/02/03 16:08:24,00854,威雅利,WILLAS-ARRAY,,5.4,-0.15,-2.7027,5.55,5.54,5.54,5.4,5000,27250,5.4,5.59
2026/02/03 16:08:24,00855,中国水务,CHINA WATER,,5.35,0.06,1.13421,5.29,5.32,5.35,5.29,812100,4329988,5.33,5.35
2026/02/03 16:08:24,00856,伟仕佳杰,VSTECS,,7.6,0.07,0.92961,7.53,7.65,7.65,7.4,1676028,12635624,7.56,7.6
2026/02/03 16:08:24,00857,中国石油股份,PETROCHINA,,8.97,0.02,0.22347,8.95,8.98,9.1,8.89,73946430,664159328,8.96,8.97
2026/02/03 16:08:24,00858,精优药业,EXTRAWELL PHAR,,0.08,0.006,8.10811,0.074,0.074,0.08,0.07,3580000,274850,0.08,0.082
2026/02/03 16:08:24,00859,中昌国际控股,ZHONGCHANG INTL,,0.118,-0.002,-1.66667,0.12,0.0,0.0,0.0,0,0,0.096,0.118
2026/02/03 16:08:24,00860,ＡＰＯＬＬＯ出行,APOLLO FMG,,0.64,0.02,3.2258,0.62,0.62,0.64,0.62,72000,45760,0.64,0.66
2026/02/03 16:08:24,00861,神州控股,DC HOLDINGS,,2.8,-0.1,-3.44828,2.9,2.95,2.95,2.72,38284829,106317572,2.8,2.81
2026/02/03 16:08:24,00862,远见控股,VISION VALUES,,0.08,-0.001,-1.23457,0.081,0.083,0.083,0.067,6975000,521125,0.074,0.08
2026/02/03 16:08:22,00863,ＯＳＬ集团,OSL GROUP,,15.2,0.19,1.26582,15.01,15.15,15.8,15.04,4101831,62715560,15.2,15.25
2026/02/03 16:08:24,00864,永利地产发展,WING LEE PPT,,0.21,0.0,0.0,0.21,0.0,0.0,0.0,0,0,0.0,0.22
2026/02/03 16:08:24,00865,建德国际控股,JIANDE INT'L,,0.039,0.003,8.33334,0.036,0.038,0.04,0.038,14766000,588140,0.039,0.04
2026/02/03 16:08:24,00866,中国秦发,CHINA QINFA,,4.18,0.23,5.82278,3.95,4.02,4.23,3.95,9354250,38566406,4.16,4.18
2026/02/03 16:08:22,00867,康哲药业,CMS,,14.48,-0.64,-4.23281,15.12,15.12,15.12,14.28,6295000,91302255,14.45,14.48
2026/02/03 16:08:24,00868,信义玻璃,XINYI GLASS,,10.21,0.26,2.61307,9.95,9.99,10.25,9.9,13414243,135895532,10.2,10.21
2026/02/03 16:08:24,00869,彩星玩具,PLAYMATES TOYS,,0.405,0.005,1.25,0.4,0.4,0.405,0.4,536000,214740,0.4,0.405
2026/02/03 16:08:24,00871,中国疏浚环保,CH DREDG ENV,,0.084,-0.004,-4.54546,0.088,0.083,0.093,0.083,543000,47679,0.083,0.095
2026/02/03 16:08:24,00873,世茂服务,SHIMAO SERVICES,,0.65,0.0,0.0,0.65,0.65,0.65,0.62,2063000,1301815,0.64,0.65
2026/02/03 16:08:22,00874,白云山,BAIYUNSHAN PH,,19.0,0.31,1.65864,18.69,18.7,19.12,18.7,2227953,42203142,18.88,19.0
2026/02/03 16:08:24,00875,从玉智农,CONGYU INTE AGR,,1.48,-0.06,-3.8961,1.54,1.59,1.59,1.45,1267700,1858914,1.48,1.49
2026/02/03 16:08:24,00876,佳兆业健康,KAISA HEALTH,,0.173,0.009,5.4878,0.164,0.164,0.176,0.164,11520000,1974620,0.172,0.173
2026/02/03 16:08:24,00878,金朝阳集团,SOUNDWILL HOLD,,6.5,0.08,1.24611,6.42,6.55,6.57,6.43,117500,766975,6.47,6.5
2026/02/03 16:08:22,00880,澳博控股,SJM HOLDINGS,,2.42,0.01,0.41494,2.41,2.41,2.47,2.39,13717228,33320084,2.41,2.42
2026/02/03 16:08:22,00881,中升控股,ZHONGSHENG HLDG,,11.82,0.22,1.89655,11.6,11.68,11.89,11.53,6285500,73775583,11.8,11.82
2026/02/03 16:08:24,00882,天津发展,TIANJIN DEV,,2.68,0.02,0.75188,2.66,2.67,2.71,2.67,512000,1380010,2.67,2.7
2026/02/03 16:08:24,00883,中国海洋石油,CNOOC,,23.36,0.14,0.60293,23.22,23.22,23.56,23.0,70798156,1653527947,23.36,23.38
2026/02/03 16:08:22,00884,旭辉控股集团,CIFI HOLD GP,,0.094,0.005,5.61797,0.089,0.09,0.098,0.087,364144080,33818241,0.094,0.095
2026/02/03 16:08:24,00887,英皇钟表珠宝,EMPEROR WATCH&J,,0.285,-0.005,-1.72414,0.29,0.29,0.29,0.28,3430000,981850,0.285,0.29
2026/02/03 16:08:24,00888,链信控股,BLOCKFIN HLDG,,0.092,-0.002,-2.12766,0.094,0.087,0.094,0.086,494000,44450,0.084,0.092
2026/02/03 16:08:24,00889,连达科技控股,DATRONIX HOLD,,0.37,0.0,0.0,0.37,0.0,0.0,0.0,0,0,0.345,0.37
2026/02/03 16:08:24,00893,中国铁钛,CHINAVTM MINING,,0.095,0.001,1.06383,0.094,0.093,0.095,0.09,129000,11891,0.094,0.095
2026/02/03 16:08:24,00894,万裕科技,MAN YUE TECH,,0.82,0.02,2.5,0.8,0.8,0.82,0.79,250000,200080,0.81,0.83
2026/02/03 16:08:24,00895,东江环保,DONGJIANG ENV,,2.32,0.02,0.86956,2.3,2.3,2.33,2.3,495800,1148738,2.32,2.33
2026/02/03 16:08:24,00896,兴胜创建,HANISON,,0.214,0.0,0.0,0.214,0.216,0.217,0.214,622000,134132,0.214,0.215
2026/02/03 16:08:24,00897,位元堂,WAI YUEN TONG,,0.345,-0.015,-4.16667,0.36,0.36,0.36,0.3,691852,232570,0.345,0.36
2026/02/03 16:08:24,00898,万事昌国际,MULTIFIELD INTL,,1.07,0.0,1e-05,1.07,0.0,0.0,0.0,0,0,1.01,1.07
2026/02/03 16:08:24,00899,中加国信,ZHONG JIA GX,,0.172,-0.002,-1.14942,0.174,0.0,0.0,0.0,0,0,0.158,0.172
2026/02/03 16:08:24,00900,AEON CREDIT,AEON CREDIT,,7.43,0.1,1.36425,7.33,7.4,7.44,7.35,40000,295020,7.4,7.45
2026/02/03 16:08:24,00902,华能国际电力股份,HUANENG POWER,,5.35,0.04,0.75329,5.31,5.36,5.37,5.26,47526027,252367423,5.32,5.35
2026/02/03 16:08:24,00905,胡桃资本,WALNUT CAP,,1.65,0.0,0.0,1.65,1.7,1.7,1.65,1070400,1787048,1.63,1.66
2026/02/03 16:08:24,00907,高雅光学,ELEGANCEOPTICAL,,0.052,0.0,0.0,0.052,0.052,0.052,0.052,60000,3120,0.052,0.056
2026/02/03 16:08:22,00909,明源云,MING YUAN CLOUD,,3.0,-0.04,-1.31579,3.04,3.07,3.08,2.96,8346000,25130009,2.99,3.0
2026/02/03 16:08:24,00910,中国三迪,CHINA SANDI,,0.014,0.0,0.0,0.014,0.0,0.0,0.0,0,0,0.0,0.0
2026/02/03 16:08:24,00911,前海健康,QIANHAI HEALTH,,0.26,0.0,0.0,0.26,0.0,0.0,0.0,0,0,0.246,0.28
2026/02/03 16:08:24,00912,信佳国际,SUGA INT'L,,1.06,0.01,0.95238,1.05,1.05,1.06,1.05,90000,95340,1.05,1.06
2026/02/03 16:08:24,00913,港湾数字,HARBOUR DIGITAL,,0.285,0.0,0.0,0.285,0.0,0.0,0.0,0,0,0.25,0.285
2026/02/03 16:08:22,00914,海螺水泥,CONCH CEMENT,,24.48,0.62,2.59849,23.86,24.08,24.68,23.94,9018693,219699035,24.48,24.5
2026/02/03 16:08:24,00915,道和环球,DAOHE GLOBAL,,0.065,0.003,4.83871,0.062,0.067,0.067,0.06,817000,51907,0.058,0.065
2026/02/03 16:08:22,00916,龙源电力,CHINA LONGYUAN,,6.84,-0.06,-0.86956,6.9,6.94,6.95,6.78,14881787,101747646,6.82,6.84
2026/02/03 16:08:22,00917,趣致集团,QUNABOX GROUP,,24.3,0.26,1.08153,24.04,24.56,24.56,23.5,3627114,87322309,24.28,24.3
2026/02/03 16:08:24,00918,龙翼航空科技,MAJESTIC DRAGON,,0.61,0.0,0.0,0.61,0.0,0.0,0.0,0,0,0.61,0.68
2026/02/03 16:08:24,00919,现代健康科技,MODERNHEALTHTEC,,0.091,0.001,1.11111,0.09,0.09,0.092,0.087,268000,23560,0.087,0.091
2026/02/03 16:08:24,00921,海信家电,HISENSE HA,,23.44,0.3,1.29646,23.14,23.16,23.58,22.96,1105000,25903874,23.34,23.44
2026/02/03 16:08:24,00922,安贤园中国,ANXIANYUAN CH,,0.115,0.0,0.0,0.115,0.115,0.116,0.115,1880000,217580,0.114,0.116
2026/02/03 16:08:24,00923,综合环保集团,IWS,,0.02,0.001,5.26316,0.019,0.02,0.02,0.019,1354000,27078,0.019,0.02
2026/02/03 16:08:24,00924,坤集团,KHOON GROUP,,0.167,-0.033,-16.5,0.2,0.177,0.177,0.163,440000,72832,0.165,0.19
2026/02/03 16:08:24,00926,碧生源,BESUNYEN,,2.58,0.0,0.0,2.58,0.0,0.0,0.0,400,985,2.5,2.71
2026/02/03 16:08:24,00927,富士高实业,FUJIKON IND,,0.61,0.01,1.66667,0.6,0.6,0.6,0.6,10000,6000,0.61,0.64
2026/02/03 16:08:24,00928,帝王国际投资,KING INTL INV,,0.111,0.01,9.90099,0.101,0.105,0.118,0.102,17500000,1899860,0.111,0.113
2026/02/03 16:08:24,00929,国际精密,IPE GROUP,,0.72,0.05,7.46269,0.67,0.67,0.72,0.67,80000,55250,0.69,0.72
2026/02/03 16:08:24,00931,中国港能,CHINA HK POWER,,0.44,0.025,6.0241,0.415,0.415,0.445,0.415,8702000,3794915,0.43,0.44
2026/02/03 16:08:24,00932,顺腾国际控股,SHUNTEN INTL,,0.034,0.001,3.03031,0.033,0.033,0.034,0.032,4720000,154320,0.033,0.034
2026/02/03 16:08:24,00933,非凡领越,VIVA GOODS,,0.63,-0.01,-1.5625,0.64,0.64,0.65,0.63,1488890,955414,0.63,0.65
2026/02/03 16:08:24,00934,中石化冠德,SINOPEC KANTONS,,4.22,0.0,-1e-05,4.22,4.17,4.24,4.17,598462,2522109,4.2,4.22
2026/02/03 16:08:24,00936,佳兆业资本,KAISA CAPITAL,,0.365,0.02,5.7971,0.345,0.365,0.39,0.355,250000,91200,0.35,0.365
2026/02/03 16:08:24,00938,民生国际,MAN SANG INT'L,,0.395,-0.005,-1.25,0.4,0.0,0.0,0.0,0,0,0.345,0.395
2026/02/03 16:08:24,00939,建设银行,CCB,,7.81,-0.02,-0.25543,7.83,7.84,7.93,7.8,192653761,1510842579,7.8,7.81
2026/02/03 16:08:22,00941,中国移动,CHINA MOBILE,,78.3,0.3,0.38462,78.0,78.0,78.85,77.9,32396888,2541458659,78.3,78.35
2026/02/03 16:08:24,00943,中证国际,ZHONGZHENG INTL,,0.229,0.0,0.0,0.229,0.0,0.0,0.0,0,0,0.221,0.23
2026/02/03 16:08:24,00945,宏利金融－Ｓ,MANULIFE-S,,300.79999,7.39999,2.52215,293.4,299.0,300.8,294.2,23586,7067396,300.0,300.79999
2026/02/03 16:08:24,00947,摩比发展,MOBI DEV,,0.164,0.004,2.5,0.16,0.154,0.164,0.151,442000,69806,0.159,0.164
2026/02/03 16:08:24,00948,阿尔法企业,ALPHA PRO HLDGS,,0.365,0.0,0.0,0.365,0.0,0.0,0.0,0,0,0.0,0.375
2026/02/03 16:08:24,00950,李氏大药厂,LEE'S PHARM,,1.52,-0.03,-1.93549,1.55,1.56,1.56,1.51,578000,879515,1.51,1.53
2026/02/03 16:08:24,00951,超威动力,CHAOWEI POWER,,1.36,0.0,0.0,1.36,1.38,1.38,1.36,60000,82000,1.36,1.38
2026/02/03 16:08:24,00952,华富建业金融,QUAM PLUS FIN,,0.135,0.0,0.0,0.135,0.135,0.135,0.135,10000,1350,0.134,0.136
2026/02/03 16:08:24,00953,邵氏兄弟控股,SHAW BROTHERS,,0.32,-0.005,-1.53846,0.325,0.32,0.33,0.32,1784000,579930,0.32,0.33
2026/02/03 16:08:24,00954,常茂生物,CHANGMAO BIO,,0.31,0.02,6.89655,0.29,0.305,0.31,0.305,1008000,312340,0.285,0.325
2026/02/03 16:08:24,00956,新天绿色能源,CHINA SUNTIEN,,4.08,0.04,0.9901,4.04,4.09,4.12,4.06,8615877,35175160,4.07,4.08
2026/02/03 16:08:24,00959,世纪娱乐国际,CENTURY ENT INT,,0.72,0.0,0.0,0.72,0.0,0.0,0.0,0,0,0.0,0.0
2026/02/03 16:08:24,00960,龙湖集团,LONGFOR GROUP,,10.13,-0.07,-0.68627,10.2,10.21,10.47,9.69,30329096,304032974,10.12,10.13
2026/02/03 16:08:22,00966,中国太平,CHINA TAIPING,,25.3,0.62,2.51215,24.68,25.04,25.86,24.8,18215222,461372572,25.28,25.3
2026/02/03 16:08:24,00968,信义光能,XINYI SOLAR,,3.46,0.09,2.67062,3.37,3.37,3.52,3.37,86490141,298616474,3.45,3.46
2026/02/03 16:08:24,00969,华联国际,HUA LIEN INT'L,,0.112,-0.001,-0.88495,0.113,0.0,0.0,0.0,0,0,0.109,0.112
2026/02/03 16:08:24,00970,新耀莱,NEW SPARKLEROLL,,0.43,0.0,0.0,0.43,0.41,0.43,0.41,68000,28790,0.415,0.43
2026/02/03 16:08:24,00974,中国顺客隆,SKL,,1.04,0.0,0.0,1.04,0.0,0.0,0.0,0,0,1.0,1.08
2026/02/03 16:08:22,00975,MONGOL MINING,MONGOL MINING,,12.4,0.22,1.80624,12.18,12.28,12.68,12.13,2202000,27242310,12.38,12.44
2026/02/03 16:08:24,00976,齐合环保,CHIHO ENV,,0.43,0.0,0.0,0.43,0.0,0.0,0.0,0,0,0.0,0.0
2026/02/03 16:08:24,00978,招商局置地,CHI MER LAND,,0.28,0.0,0.0,0.28,0.28,0.285,0.28,592000,166350,0.28,0.285
2026/02/03 16:08:24,00979,绿色能源科技集团,GREEN ENERGY GP,,0.35,0.02,6.0606,0.33,0.33,0.365,0.33,2716000,943870,0.34,0.36
2026/02/03 16:08:24,00980,联华超市,LIANHUA,,0.36,-0.01,-2.7027,0.37,0.35,0.36,0.345,101000,35340,0.355,0.36
2026/02/03 16:08:22,00981,中芯国际,SMIC,,70.45,-1.75,-2.42383,72.2,73.2,73.7,69.35,92793142,6581260145,70.4,70.45
2026/02/03 16:08:24,00983,瑞安建业,SOCAM DEV,,0.395,0.0,0.0,0.395,0.0,0.0,0.0,100000,37920,0.37,0.405
2026/02/03 16:08:24,00984,永旺,AEON STORES,,0.38,0.0,0.0,0.38,0.38,0.38,0.38,119500,45410,0.38,0.395
2026/02/03 16:08:24,00986,杜甫酒业集团,DUFU LIQUOR GP,,0.085,0.002,2.40964,0.083,0.085,0.086,0.084,1830000,154492,0.085,0.086
2026/02/03 16:08:24,00987,中国再生能源投资,CH RENEW EN INV,,0.135,0.0,0.0,0.135,0.134,0.135,0.132,19997,2657,0.132,0.135
2026/02/03 16:08:24,00989,中国长白山国际,CHINA CBS INTL,,0.69,-0.02,-2.8169,0.71,0.71,0.71,0.66,20000,13700,0.69,0.73
2026/02/03 16:08:24,00990,至源控股,DEEP SOURCE,,0.84,0.07,9.09091,0.77,0.77,0.84,0.77,61691176,49919829,0.83,0.84
2026/02/03 16:08:24,00991,大唐发电,DATANG POWER,,2.29,0.01,0.4386,2.28,2.32,2.37,2.28,28724000,66395250,2.29,2.3
2026/02/03 16:08:24,00992,联想集团,LENOVO GROUP,,9.18,0.14,1.54868,9.04,9.09,9.18,8.9,95058809,864838646,9.17,9.18
2026/02/03 16:08:24,00993,信控国际资本,XINKONG INT CAP,,0.137,0.016,13.22314,0.121,0.12,0.143,0.12,94000,12243,0.13,0.139
2026/02/03 16:08:24,00994,中天宏信,CT VISION,,0.33,-0.01,-2.94117,0.34,0.335,0.345,0.33,1508000,498720,0.325,0.345
2026/02/03 16:08:22,00995,安徽皖通高速公路,ANHUIEXPRESSWAY,,13.58,0.18,1.34328,13.4,13.6,13.64,13.42,1332000,18013180,13.52,13.6
2026/02/03 16:08:24,00997,普汇中金国际,CHINLINK INTL,,0.029,0.0,0.0,0.029,0.0,0.0,0.0,0,0,0.027,0.029
2026/02/03 16:08:22,00998,中信银行,CITIC BANK,,7.18,-0.08,-1.10193,7.26,7.22,7.36,7.15,14708428,105891450,7.17,7.18
2026/02/03 16:08:24,00999,小菜园,XIAOCAIYUAN,,8.96,-0.39,-4.17112,9.35,9.35,9.77,8.88,3123200,28818562,8.96,8.99
2026/02/03 16:08:24,01000,北青传媒,BEIJING MEDIA,,0.82,-0.04,-4.65116,0.86,0.86,0.86,0.84,94500,80270,0.7,0.82
2026/02/03 16:08:24,01001,沪港联合,HK SH ALLIANCE,,0.4,0.0,0.0,0.4,0.4,0.4,0.4,80000,32000,0.4,0.405
2026/02/03 16:08:24,01002,威铖国际,V.S. INT'L,,0.054,0.0,0.0,0.054,0.0,0.0,0.0,0,0,0.052,0.055
2026/02/03 16:08:24,01003,欢喜传媒,HUANXI MEDIA,,0.28,0.0,0.0,0.28,0.285,0.285,0.27,6890000,1910050,0.27,0.28
2026/02/03 16:08:24,01004,中国智慧能源,C SMARTERENERGY,,0.021,0.002,10.52631,0.019,0.019,0.021,0.019,1718000,35332,0.019,0.021
2026/02/03 16:08:24,01005,MATRIX HOLDINGS,MATRIX HOLDINGS,,0.37,0.0,0.0,0.37,0.0,0.0,0.0,0,0,0.35,0.43
2026/02/03 16:08:24,01007,龙辉国际控股,LONGHUI INTL,,0.07,0.0,0.0,0.07,0.0,0.0,0.0,0,0,0.0,0.0
2026/02/03 16:08:24,01008,力图控股,LITU HOLDINGS,,0.198,0.011,5.88235,0.187,0.198,0.198,0.198,220000,43560,0.187,0.207
2026/02/03 16:08:24,01009,国际娱乐,INT'L ENT,,1.08,-0.01,-0.91743,1.09,1.08,1.08,1.07,180000,194300,1.0,1.08
2026/02/03 16:08:24,01010,天玺曜１１,SKY BLUE 11,,0.091,-0.001,-1.08696,0.092,0.091,0.091,0.091,50000,4550,0.091,0.099
2026/02/03 16:08:24,01011,泰凌医药,NT PHARMA,,0.76,-0.02,-2.5641,0.78,0.78,0.78,0.75,110000,83300,0.75,0.78
2026/02/03 16:08:24,01013,伟俊集团控股,WAI CHUN GROUP,,0.212,0.025,13.36898,0.187,0.205,0.211,0.205,30000,6260,0.212,0.211
2026/02/03 16:08:24,01020,中细软科技,CIPRUN TECH,,0.49,0.035,7.69231,0.455,0.465,0.5,0.465,20244000,9794460,0.48,0.49
2026/02/03 16:08:24,01022,飞鱼科技,FEIYU,,0.63,-0.02,-3.07692,0.65,0.64,0.65,0.62,271500,171150,0.63,0.64
2026/02/03 16:08:24,01023,时代集团控股,SITOY GROUP,,0.53,0.01,1.92307,0.52,0.52,0.53,0.52,31000,16230,0.52,0.53
2026/02/03 16:08:22,01024,快手－Ｗ,KUAISHOU-W,,73.45,-3.55,-4.61039,77.0,77.9,78.35,71.05,69863157,5118234361,73.45,73.5
2026/02/03 16:08:24,01025,嘉艺控股,KNT HOLDINGS,,0.265,0.0,-1e-05,0.265,0.265,0.27,0.265,2248000,596120,0.265,0.27
2026/02/03 16:08:24,01026,环球实业科技,UNIVERSAL TECH,,0.118,0.0,0.0,0.118,0.105,0.118,0.098,650000,69700,0.102,0.118
2026/02/03 16:08:24,01027,亚洲策略科技,ASIA STRAT TECH,,2.85,0.0,0.0,2.85,2.85,2.85,2.85,10000,28500,2.85,2.99
2026/02/03 16:08:24,01028,千百度,C.BANNER,,0.69,0.01,1.47059,0.68,0.68,0.7,0.65,2291000,1524350,0.68,0.7
2026/02/03 16:08:24,01029,铁货,IRC,,0.54,0.0,0.0,0.54,0.54,0.55,0.54,412000,223480,0.54,0.56
2026/02/03 16:08:24,01030,新城发展,SEAZEN,,2.55,0.07,2.82258,2.48,2.49,2.61,2.48,47024476,120045211,2.55,2.56
2026/02/03 16:08:22,01033,中石化油服,SINOPEC SSC,,0.89,0.0,0.0,0.89,0.88,0.9,0.86,91233000,80900668,0.89,0.9
2026/02/03 16:08:24,01036,万科海外,VANKE OVERSEAS,,1.76,0.0,0.0,1.76,1.76,1.76,1.76,4000,7040,1.76,1.8
2026/02/03 16:08:24,01037,云智汇科技,MAXNERVA TECH,,0.67,-0.04,-5.6338,0.71,0.7,0.7,0.65,786000,521880,0.66,0.67
2026/02/03 16:08:24,01038,长江基建集团,CKI HOLDINGS,,64.7,0.95,1.49019,63.75,63.65,65.15,63.05,3994885,258267418,64.65,64.7
2026/02/03 16:08:24,01039,畅由国际集团,CHANGYOU INT GP,,0.059,0.002,3.50877,0.057,0.059,0.059,0.059,1000,59,0.048,0.059
2026/02/03 16:08:24,01044,恒安国际,HENGAN INT'L,,27.96,-0.2,-0.71023,28.16,27.58,28.3,27.58,2595605,72487467,27.9,27.96
2026/02/03 16:08:24,01045,亚太卫星,APT SATELLITE,,4.46,0.46,11.5,4.0,4.0,4.57,4.0,19884800,86268666,4.46,4.48
2026/02/03 16:08:24,01046,寰宇娱乐文化,UNIVERSE ENT,,0.32,0.0,0.0,0.32,0.32,0.32,0.32,60000,19200,0.31,0.34
2026/02/03 16:08:24,01047,毅兴行,NGAI HING HONG,,0.34,-0.01,-2.85714,0.35,0.345,0.345,0.345,30000,10350,0.325,0.34
2026/02/03 16:08:24,01049,时富投资,CELESTIAL ASIA,,1.22,-0.03,-2.4,1.25,0.0,0.0,0.0,0,0,1.1,1.22
2026/02/03 16:08:24,01050,嘉利国际,KARRIE INT'L,,2.42,0.02,0.83334,2.4,2.45,2.5,2.39,7830000,18797570,2.41,2.42
2026/02/03 16:08:24,01051,国际资源,G-RESOURCES,,11.32,-0.44,-3.7415,11.76,11.21,11.44,11.11,158080,1766247,11.13,11.33
2026/02/03 16:08:22,01052,越秀交通基建,YUEXIUTRANSPORT,,4.78,0.1,2.13676,4.68,4.76,4.8,4.74,1487460,7095112,4.75,4.78
2026/02/03 16:08:24,01053,重庆钢铁股份,CHONGQING IRON,,1.2,0.03,2.56411,1.17,1.19,1.21,1.17,5624000,6694980,1.2,1.21
2026/02/03 16:08:22,01055,中国南方航空股份,CHINA SOUTH AIR,,6.1,0.31,5.35406,5.79,5.8,6.13,5.8,19955512,120256388,6.09,6.1
2026/02/03 16:08:24,01057,浙江世宝,ZHEJIANG SHIBAO,,5.6,0.16,2.94118,5.44,5.57,5.61,5.45,8216000,45530900,5.58,5.6
2026/02/03 16:08:24,01058,南粤控股,NAMYUE HOLDINGS,,0.335,-0.015,-4.28571,0.35,0.335,0.335,0.335,10000,3350,0.27,0.41
2026/02/03 16:08:24,01059,看通集团,KANTONE HOLDING,,0.415,-0.015,-3.48837,0.43,0.42,0.42,0.41,27000,11205,0.405,0.415
2026/02/03 16:08:24,01060,大麦娱乐,DAMAI ENT,,0.97,0.01,1.04167,0.96,0.97,0.99,0.93,163726638,157396970,0.97,0.98
2026/02/03 16:08:24,01061,亿胜生物科技,ESSEX BIO-TECH,,4.24,0.14,3.41463,4.1,4.08,4.24,4.04,341000,1413620,4.22,4.24
2026/02/03 16:08:24,01062,国开国际投资,CDB INT'L INV,,0.111,-0.003,-2.63158,0.114,0.107,0.111,0.106,520000,55700,0.107,0.114
2026/02/03 16:08:24,01063,新确科技,SUNCORP TECH,,0.1,0.001,1.0101,0.099,0.095,0.1,0.095,130000,12400,0.097,0.1
2026/02/03 16:08:24,01064,中华国际,ZHONG HUA INT'L,,0.06,-0.001,-1.63935,0.061,0.06,0.06,0.06,20000,1200,0.06,0.065
2026/02/03 16:08:24,01065,天津创业环保股份,TIANJIN CAPITAL,,4.29,0.03,0.70422,4.26,4.34,4.45,4.29,1714000,7439700,4.29,4.33
2026/02/03 16:08:24,01066,威高股份,WEIGAO GROUP,,5.09,0.06,1.19285,5.03,5.01,5.09,4.98,15420391,78024055,5.08,5.09
2026/02/03 16:08:24,01068,雨润食品,YURUN FOOD,,0.124,-0.004,-3.125,0.128,0.129,0.13,0.124,1255000,155824,0.123,0.128
2026/02/03 16:08:24,01069,中国健康科技集团,CN HEALTH TECH,,0.455,0.04,9.63856,0.415,0.46,0.465,0.42,378000,172400,0.435,0.445
2026/02/03 16:08:22,01070,ＴＣＬ电子,TCL ELECTRONICS,,12.4,0.7,5.9829,11.7,11.5,12.4,11.5,8504600,103826337,12.4,12.41
2026/02/03 16:08:24,01071,华电国际电力股份,HUADIAN POWER,,3.97,-0.03,-0.75,4.0,4.02,4.03,3.96,11853244,47264527,3.97,3.98
2026/02/03 16:08:22,01072,东方电气,DONGFANG ELEC,,26.18,1.0,3.97141,25.18,25.24,26.2,25.1,6864922,177473140,26.1,26.18
2026/02/03 16:08:24,01073,大禹金融,DA YU FIN,,0.127,0.007,5.83334,0.12,0.115,0.129,0.115,545000,65205,0.116,0.127
2026/02/03 16:08:24,01075,首都信息,CAPINFO,,2.95,0.0,0.0,2.95,2.96,2.96,2.95,142400,420586,2.94,3.07
2026/02/03 16:08:24,01079,松景科技,PINE TECH,,0.31,0.005,1.63935,0.305,0.305,0.31,0.3,634000,192500,0.3,0.31
2026/02/03 16:08:24,01080,胜利管道,SHENGLI PIPE,,0.088,-0.002,-2.22222,0.09,0.088,0.088,0.088,93000,8184,0.088,0.092
2026/02/03 16:08:24,01082,源宇宙教育,BDV EDU INTL,,1.5,0.01,0.67114,1.49,1.5,1.5,1.48,92000,137800,1.46,1.5
2026/02/03 16:08:22,01083,港华智慧能源,TG SMART ENERGY,,3.57,-0.04,-1.10804,3.61,3.63,3.66,3.56,3082874,11074372,3.57,3.59
2026/02/03 16:08:24,01084,绿新生物科技,GREEN FRESH BIO,,0.62,-0.02,-3.125,0.64,0.61,0.63,0.61,142000,87560,0.6,0.62
2026/02/03 16:08:24,01085,亨鑫科技,HXTL,,1.5,-0.01,-0.66225,1.51,1.5,1.5,1.5,30000,45000,1.5,1.55
2026/02/03 16:08:24,01086,好孩子国际,GOODBABY INTL,,1.05,-0.01,-0.9434,1.06,1.06,1.08,1.04,4193000,4431950,1.05,1.07
2026/02/03 16:08:24,01087,威讯控股,INVESTECH HLDGS,,1.1,-0.06,-5.17241,1.16,1.14,1.14,1.1,858000,977440,1.1,1.14
2026/02/03 16:08:22,01088,中国神华,CHINA SHENHUA,,40.6,-0.24,-0.58766,40.84,40.82,41.3,40.56,14674371,599148138,40.58,40.6
2026/02/03 16:08:24,01090,大明国际,DA MING INT'L,,0.8,-0.01,-1.23457,0.81,0.8,0.8,0.8,56000,44800,0.79,0.82
2026/02/03 16:08:24,01091,南方锰业,SOUTH MANGANESE,,0.46,0.015,3.37079,0.445,0.44,0.475,0.44,16598000,7654685,0.46,0.465
2026/02/03 16:08:24,01093,石药集团,CSPC PHARMA,,9.89,0.74,8.08744,9.15,9.35,9.99,9.27,218548273,2109530280,9.89,9.9
2026/02/03 16:08:24,01094,承辉国际,CHERISH SUN,,0.29,-0.015,-4.91804,0.305,0.305,0.305,0.27,32280,9272,0.29,0.32
2026/02/03 16:08:24,01097,有线宽频,I-CABLE COMM,,0.059,0.001,1.72414,0.058,0.057,0.06,0.057,9040000,535480,0.058,0.059
2026/02/03 16:08:24,01098,路劲,ROAD KING INFRA,,0.69,0.01,1.47059,0.68,0.67,0.7,0.67,19000,12890,0.67,0.69
2026/02/03 16:08:24,01099,国药控股,SINOPHARM,,20.98,0.18,0.86538,20.8,20.62,21.06,20.58,5997748,124987563,20.96,20.98
2026/02/03 16:08:24,01100,飞达控股,MAINLAND HOLD,,1.29,0.02,1.5748,1.27,1.29,1.29,1.29,8000,10320,1.29,1.3
2026/02/03 16:08:24,01101,华荣能源,HUARONG ENERGY,,0.02,0.0,0.0,0.02,0.0,0.0,0.0,0,0,0.0,0.0
2026/02/03 16:08:24,01102,环能国际,ENVIRO ENERGY,,0.052,-0.002,-3.7037,0.054,0.051,0.053,0.05,3136000,158002,0.05,0.052
2026/02/03 16:08:24,01104,亚太资源,APAC RESOURCES,,2.9,0.27,10.26616,2.63,2.67,2.9,2.67,9548040,26422039,2.89,2.9
2026/02/03 16:08:24,01105,星岛,SING TAO,,0.209,0.009,4.5,0.2,0.205,0.209,0.205,24000,5000,0.197,0.21
2026/02/03 16:08:24,01107,当代置业,MODERN LAND,,0.015,0.001,7.14286,0.014,0.014,0.015,0.013,11120000,156532,0.013,0.015
2026/02/03 16:08:24,01108,凯盛新能,TRIUMPH NEW EN,,3.89,0.19,5.13514,3.7,3.74,3.96,3.74,9318000,36215000,3.89,3.91
2026/02/03 16:08:24,01109,华润置地,CHINA RES LAND,,30.3,0.6,2.0202,29.7,29.6,30.96,29.6,20049300,608195257,30.3,30.32
2026/02/03 16:08:24,01110,金活医药集团,KINGWORLD,,0.54,0.0,0.0,0.54,0.55,0.55,0.54,740000,404800,0.51,0.55
2026/02/03 16:08:24,01111,华视集团控股,HUASHI GROUP,,0.26,-0.005,-1.8868,0.265,0.265,0.265,0.26,164000,42700,0.26,0.315
2026/02/03 16:08:24,01112,Ｈ＆Ｈ国际控股,H&H INTL HLDG,,15.23,0.18,1.19601,15.05,15.23,15.71,15.0,1681314,25634230,15.23,15.24
2026/02/03 16:08:22,01113,长实集团,CK ASSET,,45.42,0.82,1.83856,44.6,45.02,45.98,44.96,5153809,233704863,45.32,45.42
2026/02/03 16:08:24,01114,BRILLIANCE CHI,BRILLIANCE CHI,,3.82,-0.15,-3.77834,3.97,3.97,3.99,3.78,75584424,290005221,3.81,3.82
2026/02/03 16:08:22,01115,５１００藏冰川,5100 XIZANG,,0.57,0.0,0.0,0.57,0.57,0.58,0.56,10180000,5747000,0.56,0.57
2026/02/03 16:08:24,01116,慧源同创科技,HC TECH GP,,0.315,-0.015,-4.54546,0.33,0.3,0.315,0.295,290000,86100,0.3,0.32
2026/02/03 16:08:24,01117,现代牧业,CH MODERN D,,1.61,0.01,0.625,1.6,1.6,1.64,1.58,23342139,37563438,1.6,1.61
2026/02/03 16:08:24,01118,高力集团,GOLIK HOLDINGS,,1.29,0.0,0.0,1.29,0.0,0.0,0.0,0,0,1.19,1.29
2026/02/03 16:08:22,01119,创梦天地,IDREAMSKY,,0.57,0.0,0.0,0.57,0.58,0.58,0.56,2142400,1220908,0.56,0.57
2026/02/03 16:08:24,01120,雅视光学,ARTS OPTICAL,,0.95,0.0,0.0,0.95,0.0,0.0,0.0,0,0,0.95,1.05
2026/02/03 16:08:24,01121,金阳新能源,GOLDENSOLAR,,1.45,0.0,0.0,1.45,1.43,1.45,1.43,30000,43020,1.42,1.45
2026/02/03 16:08:24,01122,庆铃汽车股份,QINGLING MOTORS,,1.1,0.05,4.76191,1.05,1.07,1.12,1.01,9554000,10107340,1.09,1.1
2026/02/03 16:08:24,01123,中港照相,CHINA-HK PHOTO,,0.123,-0.002,-1.6,0.125,0.122,0.123,0.122,140000,17200,0.118,0.124
2026/02/03 16:08:24,01124,沿海家园,COASTAL GL,,0.185,-0.018,-8.86699,0.203,0.193,0.203,0.185,930000,177930,0.185,0.188
2026/02/03 16:08:24,01125,丽丰控股,LAI FUNG HOLD,,0.95,-0.04,-4.04041,0.99,0.93,0.95,0.93,4000,3760,0.93,0.99
2026/02/03 16:08:24,01126,德林国际,DREAM INT'L,,8.58,0.1,1.17924,8.48,8.62,8.62,8.4,364500,3113675,8.53,8.59
2026/02/03 16:08:24,01127,狮子山集团,LION ROCK GROUP,,1.33,0.0,0.0,1.33,1.33,1.34,1.33,88000,117840,1.33,1.34
2026/02/03 16:08:24,01128,永利澳门,WYNN MACAU,,6.07,0.23,3.93836,5.84,5.9,6.13,5.87,13596216,82073467,6.06,6.07
2026/02/03 16:08:24,01129,中国水业集团,WATER INDUSTRY,,0.32,0.01,3.2258,0.31,0.31,0.32,0.31,180000,56880,0.32,0.325
2026/02/03 16:08:24,01130,中国环境资源,CHINA ENV RES,,0.53,0.02,3.92156,0.51,0.52,0.53,0.52,300000,157400,0.52,0.54
2026/02/03 16:08:24,01132,橙天嘉禾,ORANGE SKY G H,,0.068,0.0,1e-05,0.068,0.0,0.0,0.0,0,0,0.063,0.068
2026/02/03 16:08:24,01133,哈尔滨电气,HARBIN ELECTRIC,,20.52,1.65,8.74404,18.87,19.28,20.74,19.28,12182603,246120475,20.52,20.54
2026/02/03 16:08:24,01134,恒发光学,KELFRED,,0.27,0.04,17.39131,0.23,0.24,0.31,0.24,24000,6576,0.236,0.27
2026/02/03 16:08:24,01137,香港科技探索,HK TECH VENTURE,,1.42,0.0,0.0,1.42,1.4,1.42,1.39,160000,226030,1.4,1.42
2026/02/03 16:08:22,01138,中远海能,COSCO SHIP ENGY,,14.2,0.53,3.8771,13.67,13.94,14.2,13.66,23981895,335128601,14.19,14.2
2026/02/03 16:08:24,01140,华科智能投资,WEALTHINK AI,,0.17,-0.006,-3.40909,0.176,0.172,0.176,0.17,680000,116472,0.17,0.176
2026/02/03 16:08:24,01141,民银资本,CMBC CAPITAL,,1.37,0.04,3.00752,1.33,1.4,1.4,1.3,722000,977287,1.35,1.37
2026/02/03 16:08:24,01142,能源及能量环球,E&P GLOBAL,,0.173,0.01,6.13497,0.163,0.167,0.183,0.159,91618000,15595602,0.17,0.173
2026/02/03 16:08:24,01143,中国储能科技发展,CN ENGY STORAGE,,0.39,0.0,0.0,0.39,0.0,0.0,0.0,0,0,0.0,0.0
2026/02/03 16:08:24,01145,勇利投资,COURAGE INV,,0.159,0.002,1.27388,0.157,0.159,0.16,0.159,60000,9560,0.156,0.159
2026/02/03 16:08:24,01146,汇成国际控股,HUICHENG INTL H,,0.04,0.0,0.0,0.04,0.039,0.04,0.039,916000,35738,0.039,0.04
2026/02/03 16:08:24,01147,伊登软件,EDENSOFT,,0.15,0.001,0.67115,0.149,0.146,0.15,0.144,1620000,236930,0.147,0.15
2026/02/03 16:08:24,01148,新晨动力,POWER XINCHEN,,0.34,0.01,3.0303,0.33,0.34,0.35,0.34,33000,11240,0.315,0.34
2026/02/03 16:08:24,01150,米兰站,MILAN STATION,,0.152,0.0,0.0,0.152,0.146,0.155,0.144,420000,62030,0.146,0.152
2026/02/03 16:08:24,01152,正乾金融控股,MOMENTUM FIN,,0.255,-0.02,-7.27273,0.275,0.275,0.285,0.25,7852000,2052720,0.255,0.26
2026/02/03 16:08:24,01153,佳源服务,JIAYUAN SER,,0.39,-0.015,-3.70371,0.405,0.38,0.39,0.38,30000,11600,0.375,0.395
2026/02/03 16:08:24,01156,CHINANEWENERGY,CHINANEWENERGY,,0.214,0.007,3.38164,0.207,0.25,0.25,0.2,232000,48036,0.201,0.214
2026/02/03 16:08:24,01157,中联重科,ZOOMLION,,9.4,0.83,9.68494,8.57,8.68,9.5,8.68,36429281,336640375,9.39,9.4
2026/02/03 16:08:24,01159,智数科技集团,SMART DIGI TECH,,2.13,-0.07,-3.18181,2.2,2.15,2.15,2.13,22000,47060,2.0,2.3
2026/02/03 16:08:24,01160,金石资本集团,GOLDSTONE CAP,,0.41,0.0,0.0,0.41,0.0,0.0,0.0,0,0,0.0,0.41
2026/02/03 16:08:24,01161,奥思集团,WATER OASIS GP,,0.92,-0.01,-1.07527,0.93,0.92,0.92,0.92,2000,1840,0.92,0.93
2026/02/03 16:08:24,01162,莹岚集团,LUMINA GROUP,,0.187,0.007,3.88889,0.18,0.176,0.187,0.173,3960000,724144,0.179,0.199
2026/02/03 16:08:24,01163,虎视传媒,ADTIGER CORP,,0.157,-0.012,-7.10059,0.169,0.177,0.178,0.145,24062500,3550902,0.155,0.169
2026/02/03 16:08:24,01164,中广核矿业,CGN MINING,,4.72,0.23,5.12249,4.49,4.57,4.78,4.38,103684573,477431563,4.72,4.73
2026/02/03 16:08:24,01165,顺风清洁能源,SFCE,,0.024,0.0,0.0,0.024,0.0,0.0,0.0,0,0,0.0,0.0
2026/02/03 16:08:24,01166,星凯控股,SOLARTECH INT'L,,0.83,0.08,10.66666,0.75,0.75,0.84,0.75,250002,198001,0.76,0.82
2026/02/03 16:08:24,01167,加科思－Ｂ,JACOBIO-B,,5.45,-0.26,-4.55342,5.71,5.71,5.8,5.31,5128941,28166066,5.41,5.45
2026/02/03 16:08:24,01168,Z FIN,Z FIN,,4.07,0.01,0.24631,4.06,4.1,4.12,4.03,187000,764280,4.05,4.07
2026/02/03 16:08:24,01170,信星集团,KINGMAKER,,0.49,0.0,0.0,0.49,0.49,0.495,0.49,32000,15770,0.49,0.5
2026/02/03 16:08:24,01171,兖矿能源,YANKUANG ENERGY,,11.25,0.14,1.26013,11.11,11.17,11.31,11.06,17306691,193867232,11.24,11.25
2026/02/03 16:08:24,01172,融太集团,MAGNUSCONCORDIA,,0.024,0.001,4.34783,0.023,0.023,0.024,0.022,2620000,60200,0.024,0.025
2026/02/03 16:08:24,01173,威高国际,VEEKO INT'L,,0.037,0.0,0.0,0.037,0.0,0.0,0.0,0,0,0.033,0.037
2026/02/03 16:08:24,01176,珠光控股,ZHUGUANG HOLD,,0.041,-0.001,-2.38095,0.042,0.041,0.041,0.038,2768000,108868,0.04,0.041
2026/02/03 16:08:24,01177,中国生物制药,SINO BIOPHARM,,6.34,0.05,0.79492,6.29,6.35,6.39,6.15,104734993,658335837,6.33,6.34
2026/02/03 16:08:24,01179,华住集团－Ｓ,HWORLD-S,,37.16,0.4,1.08814,36.76,36.84,37.28,36.52,2769010,102428295,37.1,37.16
2026/02/03 16:08:24,01180,汇彩控股,PARADISE ENT,,0.62,0.0,0.0,0.62,0.62,0.62,0.62,20000,12400,0.62,0.63
2026/02/03 16:08:24,01181,唐宫中国,TANG PALACE,,0.2,0.01,5.26316,0.19,0.19,0.2,0.19,142000,27010,0.187,0.2
2026/02/03 16:08:24,01182,胜龙国际,SUCCESS DRAGON,,0.84,-0.01,-1.17647,0.85,0.84,0.84,0.84,20000,16800,0.81,0.84
2026/02/03 16:08:24,01183,澳能建设,MECOM POWER,,0.168,0.003,1.81818,0.165,0.165,0.169,0.165,417550,68966,0.166,0.168
2026/02/03 16:08:24,01184,S.A.S. DRAGON,S.A.S. DRAGON,,4.65,0.0,0.0,4.65,0.0,0.0,0.0,0,0,4.65,4.66
2026/02/03 16:08:24,01186,中国铁建,CHINA RAIL CONS,,5.39,0.0,0.0,5.39,5.42,5.42,5.36,4252536,22899419,5.39,5.4
2026/02/03 16:08:24,01188,正道集团,HYBRID KINETIC,,0.012,0.0,0.0,0.012,0.0,0.0,0.0,0,0,0.0,0.0
2026/02/03 16:08:24,01189,大湾区聚变力量,GBA DYNAMIC,,0.048,0.0,0.0,0.048,0.0,0.0,0.0,0,0,0.0,0.0
2026/02/03 16:08:24,01193,华润燃气,CHINA RES GAS,,21.06,-0.1,-0.47259,21.16,21.0,21.32,20.82,3689318,77564536,21.04,21.06
2026/02/03 16:08:24,01195,京维集团,KINGWELL GROUP,,0.026,0.0,0.0,0.026,0.023,0.028,0.023,1113333,27819,0.023,0.026
2026/02/03 16:08:24,01196,伟禄集团,REALORD GROUP,,14.93,-0.18,-1.19126,15.11,15.08,15.28,14.61,3394002,50781649,14.76,14.93
2026/02/03 16:08:24,01198,皇朝家居,ROYALE HOME,,0.137,0.0,0.0,0.137,0.0,0.0,0.0,0,0,0.12,0.147
2026/02/03 16:08:24,01199,中远海运港口,COSCO SHIP PORT,,6.1,0.13,2.17755,5.97,5.89,6.19,5.89,4311822,26301283,6.08,6.1
2026/02/03 16:08:24,01200,美联集团,MIDLAND HOLDING,,3.17,0.12,3.93443,3.05,3.05,3.27,3.05,2781678,8855539,3.15,3.17
2026/02/03 16:08:24,01201,天臣控股,TESSON HOLDINGS,,2.87,0.12,4.36363,2.75,2.76,2.87,2.76,164700,458085,2.83,2.86
2026/02/03 16:08:24,01202,四威科技,SIWI SCI & TECH,,1.09,0.05,4.8077,1.04,1.04,1.09,1.04,172000,178980,1.02,1.11
2026/02/03 16:08:24,01203,广南（集团）,GUANGNAN (HOLD),,0.83,-0.01,-1.19048,0.84,0.84,0.86,0.82,424000,354900,0.82,0.83
2026/02/03 16:08:24,01204,博维智慧,BOARDWARE INTEL,,1.9,0.0,0.0,1.9,0.0,0.0,0.0,0,0,0.23,1.9
2026/02/03 16:08:24,01205,中信资源,CITIC RESOURCES,,0.5,0.01,2.04082,0.49,0.49,0.51,0.485,7750300,3811514,0.5,0.51
2026/02/03 16:08:24,01206,同方泰德,TECHNOVATOR,,0.37,0.0,0.0,0.37,0.37,0.38,0.37,112000,41500,0.365,0.375
2026/02/03 16:08:22,01208,五矿资源,MMG,,10.09,0.57,5.9874,9.52,10.1,10.12,9.51,68362952,676603323,10.07,10.09
2026/02/03 16:08:24,01209,华润万象生活,CHINA RES MIXC,,45.98,1.26,2.81753,44.72,44.72,46.3,44.72,5383445,247158248,45.98,46.0
2026/02/03 16:08:24,01211,比亚迪股份,BYD COMPANY,,90.0,-1.0,-1.0989,91.0,91.1,91.7,88.9,35262554,3169695606,89.95,90.0
2026/02/03 16:08:24,01213,万保刚集团,MOBICON GROUP,,0.51,0.0,0.0,0.51,0.0,0.0,0.0,0,0,0.25,0.51
2026/02/03 16:08:24,01215,开源控股,KAI YUAN HLDGS,,0.023,0.0,0.0,0.023,0.022,0.023,0.021,300000,6520,0.022,0.023
2026/02/03 16:08:24,01216,中原银行,ZYBANK,,0.33,0.0,0.0,0.33,0.33,0.33,0.325,592000,194310,0.325,0.34
2026/02/03 16:08:24,01217,中国创新投资,CH INNOVATION,,0.014,0.0,0.0,0.014,0.013,0.014,0.013,2000000,26040,0.013,0.014
2026/02/03 16:08:24,01218,永义国际,EASYKNIT INT'L,,3.16,0.0,0.0,3.16,0.0,0.0,0.0,0,0,2.83,3.16
2026/02/03 16:08:24,01220,志道国际,ZHIDAO INT'L,,0.056,0.0,0.0,0.056,0.0,0.0,0.0,0,0,0.0,0.0
2026/02/03 16:08:24,01221,SINO HOTELS,SINO HOTELS,,1.5,0.0,0.0,1.5,0.0,0.0,0.0,0,0,1.5,1.53
2026/02/03 16:08:24,01222,WANG ON GROUP,WANG ON GROUP,,0.024,0.0,0.0,0.024,0.023,0.024,0.023,3570207,82067,0.023,0.024
2026/02/03 16:08:24,01223,新沣集团,SYMPHONY HOLD,,1.5,0.07,4.89511,1.43,1.44,1.53,1.44,1760000,2581500,1.49,1.51
2026/02/03 16:08:24,01224,中渝置地,C C LAND,,1.2,0.0,0.0,1.2,1.2,1.2,1.2,2000,2400,1.2,1.4
2026/02/03 16:08:24,01225,隆成金融,LERADO FIN,,0.212,0.0,0.0,0.212,0.0,0.0,0.0,0,0,0.187,0.219
2026/02/03 16:08:24,01226,中国投融资,CH INV FIN GP,,0.76,0.0,0.0,0.76,0.0,0.0,0.0,0,0,0.7,0.89
2026/02/03 16:08:24,01228,北海康成－Ｂ,CANBRIDGE-B,,2.67,-0.02,-0.74349,2.69,2.73,2.73,2.63,1758000,4725070,2.67,2.72
2026/02/03 16:08:24,01229,南南资源,NAN NAN RES,,0.194,-0.006,-3.0,0.2,0.198,0.203,0.184,2726000,525438,0.191,0.194
2026/02/03 16:08:24,01231,新矿资源,NEWTON RES,,0.295,0.0,0.0,0.295,0.0,0.0,0.0,0,0,0.295,0.0
